% bib conferences

@Proceedings{X,
  booktitle = "",
  address = "",
  month = jan,
  year = 2,
}

@Proceedings{ADS05,
  booktitle = "Agent-Directed Simulation (ADS '05)",
  address = "San Diego, California",
  month   = apr,
  year    = 2005,
}

@Proceedings{AMAST95,
  booktitle = "4th International Conference on Algebraic Methodology and Software Technology (AMAST '95)",
  address = "Montreal, Canada",
  month = jul,
  year = 1995,
}

@Proceedings{ASID06,
  booktitle = "Workshop on Architectural and System Support for Improving Software Dependability (ASID '06)",
  address   = "San Jose, California",
  month     = oct,
  year      = 2006,
}

@Proceedings{ASPLOS87,
  booktitle = "Proceedings of the 2nd International Conference on Architectural Support for Programming Languages and Operating Systems (ASPLOS IV)",
  address = "Palo Alto, California",
  year = 1991,
}

@Proceedings{ASPLOS91,
  booktitle = "Proceedings of the 4th International Conference on Architectural Support for Programming Languages and Operating Systems (ASPLOS IV)",
  address = "Santa Clara, California",
  month = apr,
  year = 1991,
}

@Proceedings{ASPLOS92,
  booktitle = "Proceedings of the 5th International Conference on Architectural Support for Programming Languages and Operating Systems (ASPLOS V)",
  address = "Boston, Massachusetts",
  month = oct,
  year = 1992,
}

@Proceedings{ASPLOS94,
  Booktitle = "Proceedings of the 6th International Conference on Architectural Support for Programming Languages and Operating Systems (ASPLOS VI)",
  Address = "San Jose, California",
  Month = oct,
  Year = 1994,
}

@Proceedings{ASPLOS96,
  Booktitle = "Proceedings of the 7th International Conference on Architectural Support for Programming Languages and Operating Systems (ASPLOS VII)",
  Address = "Cambridge, Massachusetts",
  Month = oct,
  Year = 1996,
}

@Proceedings{ASPLOS98,
  booktitle = "Proceedings of the 8th International Conference on Architectural Support for Programming Languages and Operating Systems (ASPLOS VIII)",
  address = "San Jose, California",
  month = oct,
  year = 1998,
}

@Proceedings{ASPLOS00,
  booktitle = "Proceedings of the 9th International Conference on Architectural Support for Programming Languages and Operating Systems (ASPLOS IX)",
  address = "Cambridge, Massachusetts",
  month = nov,
  year = 2000,
}

@Proceedings{ASPLOS02,
  booktitle = "Proceedings of the 10th International Conference on Architectural Support for Programming Languages and Operating Systems (ASPLOS X)",
  address = "San Jose, California",
  month = oct,
  year = 2002,
}

@Proceedings{ASPLOS04,
  booktitle = "Proceedings of the 11th International Conference on Architectural Support for Programming Languages and Operating Systems (ASPLOS XI)",
  address = "Boston, Massachusetts",
  month = oct,
  year = 2004,
}

@Proceedings{ASPLOS06,
  booktitle = "Proceedings of the 12th International Conference on Architectural Support for Programming Languages and Operating Systems (ASPLOS XII)",
  address = "San Jose, California",
  month = oct,
  year = 2006,
}

@Proceedings{ASPLOS08,
  booktitle = "Proceedings of the 13th International Conference on Architectural Support for Programming Languages and Operating Systems (ASPLOS XIII)",
  address = "Seattle, Washington",
  month = mar,
  year = 2008,
}

@Proceedings{ASPLOS09,
  booktitle = "Proceedings of the 14th International Conference on Architectural Support for Programming Languages and Operating Systems (ASPLOS XIV)",
  address = "Washington, DC",
  month = mar,
  year = 2009,
}

@Proceedings{ASPLOS10,
  booktitle = "Proceedings of the 14th International Conference on Architectural Support for Programming Languages and Operating Systems (ASPLOS XIV)",
  address = "Pittsburgh, Pennsylvania",
  month = mar,
  year = 2010,
}

@Proceedings{ASPLOS11,
  booktitle = "Proceedings of the 15th International Conference on Architectural Support for Programming Languages and Operating Systems (ASPLOS XV)",
  address = "Newport Beach, California",
  month = mar,
  year = 2011,
}

@Proceedings{BSDCON02,
  booktitle = "Proceedings of BSDCon 2002 (BSDCon '02)",
  address = "San Fransisco, California",
  month = feb,
  year = 2002,
}

@Proceedings{CC02,
  booktitle = "International Conference on Compiler Construction (CC '02)",
  pages     = "213--228",
  year      = "2002",
  month = apr
}


@Proceedings{CCS93,
  booktitle = "Proceedings of the 1st ACM Conference on Computer and Communications Security (CCS '93)",
  address = "Fairfax, Virginia",
  month = nov,
  year = 1993,
}

@Proceedings{CCS94,
  booktitle = "Proceedings of the 2nd ACM Conference on Computer and Communications Security (CCS '93)",
  address = "Fairfax, Virginia",
  month = nov,
  year = 1994,
}

@Proceedings{CCS02,
  booktitle = "Proceedings of the 9th ACM Conference on Computer and Communications Security (CCS '02)",
  address = "Washington, DC",
  month = nov,
  year = 2002,
}

@Proceedings{CCS06,
  booktitle = "Proceedings of the 13th ACM Conference on Computer and Communications Security (CCS '06)",
  address = "Alexandria, Virginia",
  month = nov,
  year = 2006,
}

% DISC
@Proceedings{DISC00,
  booktitle = "International Symposium on Distributed Computing (DISC '00)",
  address   = "Toledo, Spain",
  month     = oct,
  year      = 2000,
}


@Proceedings{DSN00,
  booktitle = "Proceedings of the International Conference on Dependable Systems and Networks (DSN '00)",
  address = "New York, New York",
  month = jun,
  year = 2000,
}

@Proceedings{DSN01,
  booktitle = "Proceedings of the International Conference on Dependable Systems and Networks (DSN '01)",
  address = "Goteborg, Sweden",
  month = jun,
  year = 2001,
}

@Proceedings{DSN02,
  booktitle = "Proceedings of the International Conference on Dependable Systems and Networks (DSN '02)",
  address = "Bethesda, Maryland",
  month = jun,
  year = 2002,
}

@Proceedings{DSN03,
  booktitle = "Proceedings of the International Conference on Dependable Systems and Networks (DSN '03)",
  address = "San Francisco, California",
  month = jun,
  year = 2003,
}

@Proceedings{DSN05,
  booktitle = "Proceedings of the International Conference on Dependable Systems and Networks (DSN '05)",
  address = "Yokohama, Japan",
  month = jun,
  year = 2005,
}

@Proceedings{DSN06,
  booktitle = "Proceedings of the International Conference on Dependable Systems and Networks (DSN '06)",
  address = "Philadelphia, Pennsylvania",
  month = jun,
  year = 2006,
}

@Proceedings{DSN08,
 booktitle = "Proceedings of the International Conference on Dependable Systems and Networks (DSN '08)",
  address = "Anchorage, Alaska",
  month = jun,
  year = 2008,
}

@Proceedings{DSN10,
 booktitle = "Proceedings of the International Conference on Dependable Systems and Networks (DSN '10)",
  address = "Chicago, USA",
  month = jun,
  year = 2010,
}

@Proceedings{DSN11,
 booktitle = "Proceedings of the International Conference on Dependable Systems and Networks (DSN '11)",
  address = "Hong Kong, China",
  month = jun,
  year = 2011,
}


%
% EuroSys
%


@Proceedings{EUROSYS06,
  booktitle = "Proceedings of the EuroSys Conference (EuroSys '06)",
  address   = "Leuven, Belgium",
  month     = apr,
  year      = {2006},
}

@Proceedings{EUROSYS07,
  booktitle = "Proceedings of the EuroSys Conference (EuroSys '07)",
  address   = "Lisbon, Portugal",
  month     = mar,
  year      = {2007},
}

@Proceedings{EUROSYS08,
  booktitle = "Proceedings of the EuroSys Conference (EuroSys '08)",
  address   = "Glasgow, Scotland UK",
  month     = mar,
  year      = {2008},
}

@Proceedings{EUROSYS09,
  booktitle = "Proceedings of the EuroSys Conference (EuroSys '09)",
  address   = "Nuremburg, Germany",
  month     = apr,
  year      = {2009},
}

@Proceedings{EUROSYS10,
  booktitle = "Proceedings of the EuroSys Conference (EuroSys '10)",
  address   = "Paris, France",
  month     = apr,
  year      = {2010},
}

@Proceedings{EUROSYS11,
  booktitle = "Proceedings of the EuroSys Conference (EuroSys '11)",
  address   = "Salzburg, Austria",
  month     = apr,
  year      = {2011},
}

@Proceedings{EUROSYS12,
  booktitle = "Proceedings of the EuroSys Conference (EuroSys '12)",
  address   = "Bern, Switzerland",
  month     = apr,
  year      = {2012},
}

@Proceedings{EUROSYS13,
  booktitle = "Proceedings of the EuroSys Conference (EuroSys '13)",
  address   = "Prague, Czech Republic",
  month     = apr,
  year      = {2013},
}

@Proceedings{EUROSYS14,
  booktitle = "Proceedings of the EuroSys Conference (EuroSys '14)",
  address   = "Amsterdam, The Netherlands",
  month     = apr,
  year      = {2014},
}

%
% FAST
%


@Proceedings{FAST02,
  booktitle = "Proceedings of the 1st USENIX Symposium on File and Storage Technologies (FAST '02)",
  address = "Monterey, California",
  month = "January",
  year = {2002},
}

@Proceedings{FAST03,
  booktitle = "Proceedings of the 2nd USENIX Symposium on File and Storage Technologies (FAST '03)",
  address = "San Francisco, California",
  month = "April",
  year = {2003},
}

@Proceedings{FAST04,
  booktitle = "Proceedings of the 3rd USENIX Symposium on File and Storage Technologies (FAST '04)",
  address = "San Francisco, California",
  month = "April",
  year = {2004},
}

@Proceedings{FAST05,
  booktitle = "Proceedings of the 4th USENIX Symposium on File and Storage Technologies (FAST '05)",
  address = "San Francisco, California",
  month = dec,
  year = {2005},
}

@Proceedings{FAST07,
  booktitle = "{Proceedings of the 5th USENIX Symposium on File and Storage Technologies (FAST '07)}",
  address = "San Jose, California",
  month = feb,
  year = {2007},
}

@Proceedings{FAST08,
  booktitle = "Proceedings of the 6th USENIX Symposium on File and Storage Technologies (FAST '08)",
  address = "San Jose, California",
  month = feb,
  year = {2008},
}

@Proceedings{FAST09,
  booktitle = "Proceedings of the 7th USENIX Symposium on File and Storage Technologies (FAST '09)",
  address = "San Francisco, California",
  month = feb,
  year = {2009},
}

@Proceedings{FAST10,
  booktitle = "{Proceedings of the 8th USENIX Symposium on File and Storage Technologies (FAST '10)}",
  address = "San Jose, California",
  month = feb,
  year = {2010},
}

@Proceedings{FAST11,
  booktitle = "{Proceedings of the 9th USENIX Symposium on File and Storage Technologies (FAST '11)}",
  address = "San Jose, California",
  month = feb,
  year = {2011},
}

@Proceedings{FAST12,
  booktitle = "Proceedings of the 10th USENIX Symposium on File and Storage Technologies (FAST '12)",
  address = "San Jose, California",
  month = feb,
  year = {2012},
}

@Proceedings{FAST13,
  booktitle = "Proceedings of the 11th USENIX Symposium on File and Storage Technologies (FAST '13)",
  address = "San Jose, California",
  month = feb,
  year = {2013},
}

@Proceedings{FASTWIP05,
  booktitle = "A Work in Progress at the Proceedings of the 4th USENIX Symposium on File and Storage Technologies (FAST-WIP '05)",
  address = "San Francisco, California",
  month = dec,
  year = {2005},
}

@Proceedings{FOCS96,
  booktitle = "The 37th Annual Symposium on Foundations of Computer Science (FOCS '96)",
  address = "Burlington, Vermont",
  month = oct,
  year = {1996},
}

@PROCEEDINGS{FREENIX01,
  booktitle = {Proceedings of the USENIX Annual Technical Conference (FREENIX Track)},
  month = jun,
  year = "2001",
  address = "Boston, Massachusetts",
}

@Proceedings{FREENIX02,
  booktitle =  {Proceedings of the USENIX Annual Technical Conference (FREENIX Track)},
  month = 	 jun,
  year = 	 "2002",
  address =  "Monterey, California",
}

@Proceedings{FSE00,
  booktitle = "Proceedings of the 8th ACM SIGSOFT international symposium on Foundations of software engineering (FSE '00)",
  address = "San Diego, CA",
  month = nov,
  year = 2000,
}

@Proceedings{FSE05,
  booktitle = "Proceedings of the 13th ACM SIGSOFT international symposium on Foundations of software engineering (FSE '05)",
  address = "Lisbon, Portugal",
  month = sep,
  year = 2005,
}

@Proceedings{FSE11,
  booktitle = {Proceedings of the Joint Meeting of the European Software Engineering Conference and the ACM SIGSOFT Symposium on the Foundations of Software Engineering (ESEC/FSE '11)},
    year  = {2011},
  address = "Szeged, Hungary",
    month = sep,
}


@Proceedings{FTCS21,
  booktitle = "Proceedings of the 21st International Symposium on Fault-Tolerant Computing (FTCS-21)",
  address = "Montreal, Canada",
  month = "June",
  year = {1991},
}

@Proceedings{FTCS22,
  booktitle = "Proceedings of the 22st International Symposium on Fault-Tolerant Computing (FTCS-22)",
  address = "Boston, USA",
  month = "July",
  year = {1992},
}

@Proceedings{FTCS23,
  booktitle = "Proceedings of the 23rd International Symposium on Fault-Tolerant Computing (FTCS-23)",
  address = "Toulouse, France",
  month = jun,
  year = 1993,
}



@Proceedings{FTCS28,
  booktitle = "Proceedings of the 28th International Symposium on Fault-Tolerant Computing (FTCS-28)",
  address = "Munich, Germany",
  month = "June",
  year = {1998},
}

@Proceedings{FTCS29,
  booktitle = "Proceedings of the 29th International Symposium on Fault-Tolerant Computing (FTCS-29)",
  address = "Madison, Wisconsin",
  month = jun,
  year = 1999,
}



@Proceedings{HASE01,
  booktitle = "The 6th IEEE International Symposium on High-Assurance Systems Engineering (HASE '01)",
  address = "Boca Raton, Florida",
  month = oct,
  year = 2001,
}

@Proceedings{HOTDEP05,
  booktitle = "IEEE 1st Workshop on Hot Topics in System Dependability (HotDep '05)",
  address = "Yokohama, Japan",
  month = june,
  year = 2005,
}

@Proceedings{HOTDEP06,
  booktitle = "IEEE 2nd Workshop on Hot Topics in System Dependability (HotDep '06)",
  address = "Seattle, Washington",
  month = nov,
  year = 2006,
}

@Proceedings{HOTDEP07,
  booktitle = "The 3rd Workshop on Hot Topics in System Dependability (HotDep '07)",
  address = "Edinburgh, UK",
  month = jun,
  year = 2007,
}

@Proceedings{HOTDEP09,
  booktitle = "The 5th Workshop on Hot Topics in System Dependability (HotDep '09)",
  address = "Lisbon, Portugal",
  month = jun,
  year = 2009,
}

@Proceedings{HOTNETS02,
  booktitle    = "The First Workshop on Hot Topics in Networks (HotNets-I)",
  year         = 2002,
  month        = oct,
  address      = "Princeton, New Jersey",
}

@Proceedings{HOTPOWER10,
  booktitle    = "The 2010 Workshop on Power Aware Computing and Systems (HotPower '10)",
  year         = 2010,
  month        = oct,
  address      = "Vancouver, Canada",
}

@Proceedings{HOTPAR11,
  booktitle    = "3rd USENIX Workshop on Hot Topics in Parallelism (HotPar '11)",
  address      = "Berkeley, California",
  month        = may,
  year         = "2011",
}


@Proceedings{HOTSTOR10,
  booktitle = "2nd Workshop on Hot Topics in Storage and File Systems (HotStorage '10)",
  address = "Boston, Massachussetts",
  month = jun,
  year = 2010,
}

@Proceedings{HOTSTOR11,
  booktitle = "3rd Workshop on Hot Topics in Storage and File Systems (HotStorage '11)",
  address = "Portland, Oregan",
  month = jun,
  year = 2010,
}

%
% HOTOS
%

@Proceedings{HOTOS95,
  booktitle    = "The Fifth Workshop on Hot Topics in Operating Systems (HotOS V)",
  year         = 1995,
  month        = "May",
  address      = "Orcas Island, Washington",
}

@Proceedings{HOTOS99,
  booktitle    = "The Eighth Workshop on Hot Topics in Operating Systems (HotOS VII)",
  year         = "1999",
  month        = mar,
  address      = "Rio Rico, Arizona",
}

@Proceedings{HOTOS01,
  booktitle    = "The Eighth Workshop on Hot Topics in Operating Systems (HotOS VIII)",
  year         = "2001",
  month        = may,
  address      = "Schloss Elmau, Germany",
}

@Proceedings{HOTOS03,
  booktitle    = "The Ninth Workshop on Hot Topics in Operating Systems (HotOS IX)",
  year         = "2003",
  month        = may,
  address      = "Lihue, Hawaii",
}

@Proceedings{HOTOS05,
  booktitle    = "The Tenth Workshop on Hot Topics in Operating Systems (HotOS X)",
  year         = 2005,
  month        = jun,
  address      = "Sante Fe, New Mexico",
} 

@Proceedings{HOTOS07,
  booktitle    = "The Eleventh Workshop on Hot Topics in Operating Systems (HotOS XI)",
  year         = 2007,
  month        = may,
  address      = "San Deigo, California",
}

@Proceedings{HOTOS09,
  booktitle    = "The Twelfth Workshop on Hot Topics in Operating Systems (HotOS XII)",
  year         = 2009,
  month        = may,
  address      = "Monte Verita, Switzerland",
}

%
% HPCA
%

@Proceedings{HPCA98,
  booktitle = {Proceedings of the 4th International Symposium on High Performance Computer Architecture (HPCA-4)},
  month     = feb,
  year      = {1998},
  address   = {Las Vegas, Nevada},
}

@Proceedings{HPCA99,
  booktitle = {Proceedings of the 5th International Symposium on High Performance Computer Architecture (HPCA-5)},
  month     = jan,
  year      = {1999},
  address   = {Orlando, Florida},
}

@Proceedings{HPCA05,
  booktitle = {Proceedings of the 11th International Symposium on High Performance Computer Architecture (HPCA-11)},
  month     = feb,
  year      = {2005},
  address   = {San Francisco, California},
}

%
% HPDC
% 

@Proceedings{HPDC98,
  booktitle = "Proceedings of the 7th IEEE International Symposium on High Performance Distributed Computing (HPDC 7)", 
  address = "Chicago, Illinois",
  month = jul,
  year = 1998,
}

@Proceedings{HPDC01,
  booktitle = "Proceedings of the 10th IEEE International Symposium on High Performance Distributed Computing (HPDC 10)",
  address = "San Francisco, California", 
  month = "August",
  year = "2001",
}

@Proceedings{HPDC02,
  booktitle = "Proceedings of the 11th IEEE International Symposium on High Performance Distributed Computing (HPDC 11)",
  address = "Edinburgh, Scotland", 
  month = "July",
  year = "2002",
}

@Proceedings{HPDC03,
  booktitle = "Proceedings of the 12th IEEE International Symposium on High Performance Distributed Computing (HPDC 12)",
  address = "Seattle, Washington",
  month = jun,
  year  = 2003,
}

% ICAC
@Proceedings{ICAC06,
  booktitle = "The 3rd IEEE International Conference on Autonomic Computing (ICAC '06)",
  address   = "Dublin, Ireland",
  month     = jun,
  year      = "2006",
}

%
% ICDCS
%

@Proceedings{ICDCS90,
  booktitle = "International Conference on Distributed Computing Systems (ICDCS '90)",
  address   = "Paris, France",
  month     = may,
  year      = 1990,
}

@Proceedings{ICDCS93,
  booktitle = "International Conference on Distributed Computing Systems (ICDCS '93)",
  address   = "Pittsburgh, Pennsylvania",
  month     = may,
  year      = 1993,
}

@Proceedings{ICDCS00,
  booktitle = "International Conference on Distributed Computing Systems (ICDCS '00)",
  address   = "Taipei, Taiwan",
  month     = oct,
  year      = 2000,
}

@Proceedings{ICFEM04,
  booktitle = "Proceedings of the 6th International Conference on Formal Engineering Methods (ICFEM '04)",
  address = "Seattle, Washington",
  month = nov,
  year = 2004,
}

@Proceedings{ICSE97,
  booktitle = "International Conference on Software Engineering (ICSE '97)",
  month     = may,
  address   = "Boston, Massachusetts",
  year      = "1997",
}

@Proceedings{ICSE81,
  booktitle = "International Conference on Software Engineering (ICSE '81)",
  month     = may,
  address   = "San Diego, California",
  year      = "1981",
}

@Proceedings{ICSE00,
  booktitle = "Proceedings of the 22nd international conference on Software engineering (ICSE '00)",
  address = "Limerick, Ireland",
  month = jun,
  year = 2000,
}

@Proceedings{ICSE05,
  booktitle = "International Conference on Software Engineering (ICSE '05)", 
  month     = may,
  address   = "St. Louis, Missouri",
  year      = "2005",
}

@Proceedings{ICSE10,
  booktitle = "International Conference on Software Engineering (ICSE '10)", 
  month     = may,
  address   = "Cape Town, South Africa",
  year      = "2010",
}

@Proceedings{ICDE90,
  booktitle = {Proceedings of 6th International Conference on Data Engineering (ICDE '90)}, 
  address   = "Los Angeles, California",
  month     = feb,
  year      = {1990},
}




@Proceedings{ICDE10,
 booktitle = "Proceedings of the 26th International Conference on Data Engineering (ICDE '10)",
     month = mar,
      year = "2010",
   address = "Long Beach, California",
}



@Proceedings{IEEESP06,
  booktitle = {IEEE Security and Privacy (SP '06)},
  address   = "Berkeley, California",
  month     = may,
  year      = "2006",
}


@Proceedings{IOPADS97,
  booktitle = "The 1997 Workshop on Input/Output in Parallel and Distributed Systems (IOPADS '97)",
  address   = "San Jose, California",
  month     = nov,
  year      = "1997",
}

@Proceedings{IOPADS99,
  booktitle = "The 1999 Workshop on Input/Output in Parallel and Distributed Systems (IOPADS '99)",
  address   = "Atlanta, Georgia",
  month     = may,
  year      = "1999",
}

@Proceedings{IPDS02,
  booktitle = "Proceedings of the International Conference on Dependable Systems and Networks (DSN-2002)",
  address =   "Washington, DC",
  month =     jun,
  year =      "2001",
}

@Proceedings{INFOCOMM01,
  booktitle = "INFOCOMM '01",
  address =   "Anchorage, Alaska",
  month =     apr,
  year =      "2001",
}

%
% ISCA
%

@Proceedings{ISCA90,
  Booktitle = "Proceedings of the 17th Annual International Symposium on Computer Architecture (ISCA '90)",
  Address = "Seattle, Washington",
  Month = may,
  Year = {1992},
}

@Proceedings{ISCA92,
  Booktitle = "Proceedings of the 19th Annual International Symposium on Computer Architecture (ISCA '92)",
  Address = "Gold Coast, Australia",
  Month = may,
  Year = {1992},
}

@Proceedings{ISCA93,
  Booktitle = "Proceedings of the 20th Annual International Symposium on Computer Architecture (ISCA '93)",
   address = {San Diego, California},
   year = "1993",
   month = "May",
}

@Proceedings{ISCA94,
  booktitle = "Proceedings of the 21st Annual International Symposium on Computer Architecture (ISCA '94)",
  address = "Chicago, Illinois",
  month = apr,
  year = {1994},
}

@Proceedings{ISCA95,
  booktitle = "Proceedings of the 22nd Annual International Symposium on Computer Architecture (ISCA '95)",
  address = "Santa Margherita Ligure, Italy",
  month = jun,
  year = {1995},
}

@Proceedings{ISCA96,
  booktitle = "Proceedings of the 23rd Annual International Symposium on Computer Architecture (ISCA '96)",
  address   = "Philadephia, Pennsylvania",
  month = may,
  year = {1996},
}

@Proceedings{ISCA97,
  booktitle = {Proceedings of the 24th Annual International Symposium on Computer Architecture (ISCA '97)},
  year = {1997},
  month = may,
  address = "Denver, Colorado",
}

@Proceedings{ISCA98,
  booktitle = "Proceedings of the 25th Annual International Symposium on Computer Architecture (ISCA '98)",
  year = {1998},
  month = Jun,
  address = "Barcelona, Spain",
}

@Proceedings{ISCA01,
  booktitle = "Proceedings of the 28th Annual International Symposium on Computer Architecture (ISCA '01)",
  year = {2001},
  month = Jun,
  address = "Goteborg, Sweden",
}

@Proceedings{ISCA04,
  booktitle = "Proceedings of the 31st Annual International Symposium on Computer Architecture (ISCA '04)",
  year = {2004},
  month = Jun,
  address = "Munich, Germany",
}

@Proceedings{ISCA05,
  booktitle = "Proceedings of the 32nd Annual International Symposium on Computer Architecture (ISCA '05)",
  year = {2005},
  month = Jun,
  address = "Madison, Wisconsin",
}

@Proceedings{ISCA07,
  booktitle = "Proceedings of the 34th Annual International Symposium on
      Computer Architecture (ISCA '07)",
  year = {2007},
  month = Jun,
  address = "San Diego, California, USA",
}

@Proceedings{ISCA10,
  booktitle = "Proceedings of the 37th Annual International Symposium on
      Computer Architecture (ISCA '07)",
  year = {2010},
  month = Jun,
  address = "Saint-Malo, France",
}

%
% ISSM
%
@Proceedings{ISMM08,
  booktitle = "International Symposium on Memory Management (ISMM '08)",
  year = "2008",
  month = jun,
  address = "Tucson, Arizona",
}

@Proceedings{ISMM09,
  booktitle = "International Symposium on Memory Management (ISMM '09)",
  year = "2009",
  month = jun,
  address = "Dublin, Ireland",
}



%
% ISSTA
%

@Proceedings{ISSTA02,
  booktitle = "Proceedings of the International Symposium on Software Testing and Analysis (ISSTA '02)",
  year = {2002},
  month = Jul,
  address = "Rome, Italy",
}

@Proceedings{ISSTA07,
  booktitle = "Proceedings of the International Symposium on Software Testing and Analysis (ISSTA '07)",
  year = {2007},
  month = Jul,
  address = "London, United Kingdom",
}

%
% IVNET
%

@Proceedings{IVNET06,
  booktitle = "Proceedings of the International Conference on Innovative Views of .NET Technologies (IVNET '06)",
  address = "Florianopolis, Brazil",
  month = oct,
  year = 2006,
}

@Proceedings{LFCS11,
  booktitle = "Linux Foundation Collaboration Summit (LFCS '11)",
  address = "San Francisco, CA",
  month = apr,
  year = 2011,
}

%
% MASCOT
%


@Proceedings{MASCOTS04,
  booktitle = "Proceedings of the 12th Annual Meeting of the IEEE International Symposium on Modeling, Analysis, and Simulation of Computer and Telecommunication Systems (MASCOTS)",
  year = "2004",
  address = "Volendam, Netherlands",
  month = oct,
}

@Proceedings{MSST04,
  booktitle = "Proceedings of the 12th NASA Goddard / 21st IEEE Conference on Mass Storage Systems and Technologies",
  address = "Adelphi, Maryland",
  month = apr,
  year = 2004,
}

@Proceedings{MSST05,
  booktitle = "Proceedings of the 22nd IEEE / 13th NASA Goddard Conference on Mass Storage Systems and Technologies",
  address = "Monterey, California",
  month = apr,
  year = 2005,
}

@Proceedings{MSST10,
  booktitle = "Proceedings of the 26th IEEE Symposium on Mass Storage Systems and Technologies (MSST '10)",
  address = "Incline Village, Nevada",
  month = may,
  year = 2010,
}

%
% MobiCom
%

@Proceedings{MOBICOM99,
  booktitle = "Proceedings of the 5th ACM International Conference on Mobile Computing and Networking (MobiCom '99)",
  address   = "Seattle, Washington",
  month     = aug,
  year      = "1999",
}

%
% MobiHoc
%

@Proceedings{MOBIHOC03,
  booktitle = "Proceedings of the 4th ACM Symposium on Mobile Ad Hoc Network and Computing (MobiHoc '03)",
  address   = "Annapolis, Maryland",
  month     = jun,
  year      = "2003",
}

%
% MICRO
%
@Proceedings{MICRO09,
  booktitle = "Proceedings of MICRO-42",
  address   = "New York, New York",
  month     = "December",
  year      = "2009",
}

%
% NSDI
%

@Proceedings{NSDI04,
  booktitle = "Proceedings of the 1st Symposium on Networked Systems Design and Implementation (NSDI '04)",
  address   = "San Francisco, California",
  month     = mar,
  year      = "2004",
}

@Proceedings{NSDI05,
  booktitle = "Proceedings of the 2nd Symposium on Networked Systems Design and Implementation (NSDI '05)",
  address   = "Boston, Massachusetts",
  month     = may,
  year      = "2005",
}

@Proceedings{NSDI06,
  booktitle = "Proceedings of the 3rd Symposium on Networked Systems Design and Implementation (NSDI '06)",
  address   = "San Jose, California",
  month     = may,
  year      = "2006",
}

@Proceedings{NSDI07,
  booktitle = "Proceedings of the 4th Symposium on Networked Systems Design and Implementation (NSDI '07)",
  address   = "Cambridge, Massachusetts",
  month     = apr,
  year      = "2007",
}

@Proceedings{NSDI08,
  booktitle = "Proceedings of the 5th Symposium on Networked Systems Design and Implementation (NSDI '08)",
  address   = "San Francisco, California",
  month     = apr,
  year      = "2008",
}

@Proceedings{NSDI09,
  booktitle = "Proceedings of the 6th Symposium on Networked Systems Design and Implementation (NSDI '09)",
  address   = "Boston, Massachusetts",
  month     = apr,
  year      = "2009",
}

@Proceedings{NSDI11,
  booktitle = "Proceedings of the 8th Symposium on Networked Systems Design and Implementation (NSDI '11)",
  address   = "Boston, Massachusetts",
  month     = apr,
  year      = "2011",
}

@Proceedings{OLS06,
  booktitle = "Ottawa Linux Symposium (OLS '06)",
    address = "Ottawa, Canada",
      month = jul,
       year = "2006",
}

@Proceedings{OLS07,
  booktitle = "Ottawa Linux Symposium (OLS '07)",
    address = "Ottawa, Canada",
      month = jul,
       year = "2007",
}


%
% OSDI
%

@Proceedings{OSDI94,
  booktitle = "Proceedings of the 1st Symposium on Operating Systems Design and Implementation (OSDI '94)",
  address   = "Monterey, California",
  month     = nov,
  year      = "1994",
}

@Proceedings{OSDI96,
  booktitle = "Proceedings of the 2nd Symposium on Operating Systems Design and Implementation (OSDI '96)",
  address   = "Seattle, Washington",
  month     = oct,
  year      = "1996",
}

@Proceedings{OSDI99,
  booktitle = "Proceedings of the 3rd Symposium on Operating Systems Design and Implementation (OSDI '99)",
  address   = "New Orleans, Louisiana",
  month     = feb,
  year      = 1999,
}

@Proceedings{OSDI00,
  booktitle = "Proceedings of the 4th Symposium on Operating Systems Design and Implementation (OSDI '00)",
  year = 2000,
  month = oct,
  address = "San Diego, California",
}

@Proceedings{OSDI02,
  booktitle = "Proceedings of the 5th Symposium on Operating Systems Design and Implementation (OSDI '02)",
  year = 2002, 
  month = dec,
  address = "Boston, Massachusetts",
}

@Proceedings{OSDI04,
  booktitle = "Proceedings of the 6th Symposium on Operating Systems Design and Implementation (OSDI '04)",
  month = dec,
  year = "2004", 
  address = "San Francisco, California",
}

@Proceedings{OSDI06,
  booktitle = "Proceedings of the 7th Symposium on Operating Systems Design and Implementation (OSDI '06)",
  month = nov,
  year = "2006", 
  address = "Seattle, Washington",
}

@Proceedings{OSDI08,
  booktitle = "Proceedings of the 8th Symposium on Operating Systems Design and Implementation (OSDI '08)",
  month = dec,
  year = "2008", 
  address = "San Diego, California",
}

@Proceedings{OSDI10,
  booktitle = "Proceedings of the 9th Symposium on Operating Systems Design and Implementation (OSDI '10)",
  month = dec,
  year = "2010", 
  address = "Vancouver, Canada",
}


@Proceedings{PASTE01,
  booktitle = "ACM SIGPLAN-SIGSOFT Workshop on Program Analysis for Software Tools and Engineering (PASTE '01)",
  month     = jun,
  address   = "Snowbird, Utah",
  year      = "2001",
}


%
% PODC
%

@Proceedings{PODC02,
  booktitle = "Proceedings of the 21st ACM Symposium on Principles of Distributed Computing",
  month     = jul,
  address   = "Monterey, California",
  year      = "2002",
}

%
% PLDI
%

@Proceedings{PLDI96,
  booktitle = "Proceedings of the 1996 ACM SIGPLAN Conference on Programming Language Design and Implementation (PLDI '96)",
  year      = "1996",
  month     = may,
  address   = "Philadephia, Pennsylvania",
}

@Proceedings{PLDI98,
  booktitle = "Proceedings of the 1998 ACM SIGPLAN Conference on Programming Language Design and Implementation (PLDI '98)",
  year      = "1998",
  month     = jun,
  address   = "Montreal, Canada",
}

@Proceedings{PLDI99,
  booktitle = "Proceedings of the 1999 ACM SIGPLAN Conference on Programming Language Design and Implementation (PLDI '99)",
  year      = "1999",
  month     = may,
  address   = "Atlanta, Georgia",
}

@Proceedings{PLDI00,
  booktitle = "Proceedings of the 2000 ACM SIGPLAN Conference on Programming Language Design and Implementation (PLDI '00)",
  year      = "2000",
  month     = jun,
  address   = "Vancouver, Canada",
}

@Proceedings{PLDI01,
  booktitle = "Proceedings of the 2001 ACM SIGPLAN Conference on Programming Language Design and Implementation (PLDI '01)",
  year      = "2001",
  month     = jun,
  address   = "Snowbird, Utah",
}

@Proceedings{PLDI02,
  booktitle = "Proceedings of the 2002 ACM SIGPLAN Conference on Programming Language Design and Implementation (PLDI '02)",
  year      = "2002",
  month     = jun,
  address   = "Berlin, Germany",
}

@Proceedings{PLDI04,
  booktitle = "Proceedings of the ACM SIGPLAN 2005 Conference on Programming Language Design and Implementation (PLDI '04)",
  year      = "2004",
  month     = jun,
  address   = "Washington, DC",
}

@Proceedings{PLDI05,
  booktitle = "Proceedings of the ACM SIGPLAN 2005 Conference on Programming Language Design and Implementation (PLDI '05)",
  year      = "2005",
  month     = jun,
  address   = "Chicago, Illinois",
}

@Proceedings{PLDI06,
  booktitle = "Proceedings of the ACM SIGPLAN 2005 Conference on Programming Language Design and Implementation (PLDI '06)",
  year      = "2006",
  month     = jun,
  address   = "Ottawa, Canada",
}

@Proceedings{PLDI09,
  booktitle = "Proceedings of the ACM SIGPLAN 2009 Conference on Programming Language Design and Implementation (PLDI '09)",
  year      = "2009",
  month     = jun,
  address   = "Dublin, Ireland",
}


%
% PLOS
%

@Proceedings{PLOS06,
  booktitle = "Workshop on the Linguistic Support for Modern Operating Systems (PLOS '06)",
  month = oct,
  year = 26,
  address = "San Jose, California",
}

@Proceedings{PLOS11,
  booktitle = "Workshop on Programming Languages and Operating Systems (PLOS '11)",
  month = oct,
  year = "2011",
  address = "Cascais, Portugal",
}


%
% POPL
%

@Proceedings{POPL95,
  booktitle = "Proceedings of the 22nd ACM SIGPLAN-SIGACT Symposium on Principles of Programming Languages (POPL '95)",
  year      = "1995",
  month     = jan,
  address   = "San Fransisco, California",
}

@Proceedings{POPL98,
  booktitle = "Proceedings of the 25th ACM SIGPLAN-SIGACT Symposium on Principles of Programming Languages (POPL '98)",
  year      = "1998",
  month     = jan,
  address   = "San Diego, California",
}

@Proceedings{POPL02,
  booktitle = "The 29th SIGPLAN-SIGACT Symposium on Principles of Programming Languages (POPL '02)",
  year      = "2002",
  month     = jan,
  address   = "Portland, Oregon",
}

@Proceedings{POPL03,
  booktitle = "The 30th SIGPLAN-SIGACT Symposium on Principles of Programming Languages (POPL '03)",
  year      = "2003",
  month     = jan,
  address   = "New Orleans, Louisiana",
}

@Proceedings{POPL07,
  booktitle = "The 34th SIGPLAN-SIGACT Symposium on Principles of Programming Languages (POPL '07)",
  year      = "2007",
  month     = jan,
  address   = "Nice, France",
}


%
% R....
%


@Proceedings{RMS99,
  booktitle = "Proceedings of the 1999 IEEE Reliability and Maintainability Symposium",
  address   = "Washington, D.C.",
  month     = jan,
  year      = 1999,
}

%
% SC
%

@Proceedings{SC99,
  booktitle = "Supercomputing '99",
  month     = nov,
  address   = "Portland, Oregon",
  year      = "1999",
}

@Proceedings{SC01,
  booktitle = "SC 2001",
  month     = nov,
  year      = "2001",
  address   = "Denver, Colorado",
}

@Proceedings{SC02,
  booktitle = "Supercomputing 2002",
  month = nov,
  year  = 2002,
  address = "Baltimore, Maryland",
}


@Proceedings{SEW04,
  booktitle = "11th ACM SIGOPS European Workshop",
  month     = sep,
  year      = 2004,
  address   = "Leuven, Belgium",
}


%
% SIGCOMM
%

@Proceedings{SIGCOMM87,
  booktitle = "Proceedings of SIGCOMM '87",
  month = aug,
  year = "1987",
}

@Proceedings{SIGCOMM88,
  booktitle = "Proceedings of SIGCOMM '88",
  month = aug,
  year = "1988",
  address = "Stanford, California",
}

@Proceedings{SIGCOMM94,
  booktitle = "Proceedings of SIGCOMM '94",
  month = aug,
  year = "1994",
  address = "London, United Kingdom",
}

@Proceedings{SIGCOMM96,
  booktitle = "Proceedings of SIGCOMM '96",
  month = aug,
  year = "1996",
  address = "Stanford, California",
}

@Proceedings{SIGCOMM99,
  booktitle = "Proceedings of SIGCOMM '99",
  month = aug,
  year = "1999",
  address = "Cambridge, Massachusetts",
}

@Proceedings{SIGCOMM00,
  booktitle = "Proceedings of SIGCOMM '00",
  month = aug,
  year = "2000",
  address = "Stockholm, Sweden",
}

@Proceedings{SIGCOMM01,
  booktitle = "Proceedings of SIGCOMM '01",
  month = aug,
  year = "2001",
  address = "San Diego, California",
}

@Proceedings{SIGCOMM08,
  booktitle = "Proceedings of SIGCOMM '08",
  month = aug,
  year = "2008",
  address = "Seattle, Washington",
}

@Proceedings{SIGCOMM09,
  booktitle = "Proceedings of SIGCOMM '09",
  month = aug,
  year = "2009",
  address = "Barcelona, Spain",
}



%
% SIGMETRICS
%

@Proceedings{SIGMETRICS87,
  booktitle = {Proceedings of the 1987 ACM SIGMETRICS Conference on Measurement and Modeling of Computer Systems (SIGMETRICS '87)},
  year = {1987},
  month = may,
  address = "Banff, Alberta, Canada",
}

@Proceedings{SIGMETRICS89,
  booktitle = {Proceedings of the 1989 ACM SIGMETRICS Conference on Measurement and Modeling of Computer Systems (SIGMETRICS '89)},
  year = {1989},
  month = may,
  address = "Berkeley, California",
}

@Proceedings{SIGMETRICS91,
  booktitle = {Proceedings of the 1991 ACM SIGMETRICS Conference on Measurement and Modeling of Computer Systems (SIGMETRICS '91)},
  year = {1991},
  month = may,
  address = "San Diego, California",
}

@Proceedings{SIGMETRICS93,
  booktitle = "Proceedings of the 1993 ACM SIGMETRICS Conference on Measurement and Modeling of Computer Systems (SIGMETRICS '93)",
  address   = "Santa Clara, California",
  month     = may,
  year      = "1993",
}

@Proceedings{SIGMETRICS94,
  booktitle = "Proceedings of the 1994 ACM SIGMETRICS Conference on Measurement and Modeling of Computer Systems (SIGMETRICS '94)",
  address   = "Nashville, Tennessee",
  month     = may,
  year      = "1994",
}

@Proceedings{SIGMETRICS95,
  booktitle = "Proceedings of the 1995 ACM SIGMETRICS Conference on Measurement and Modeling of Computer Systems (SIGMETRICS '95)",
  address   = "Ottawa, Canada",
  month     = may,
  year      = "1995",
}

@Proceedings{SIGMETRICS96,
  booktitle = "Proceedings of the 1996 ACM SIGMETRICS Conference on Measurement and Modeling of Computer Systems (SIGMETRICS '96)",
  address   = "Philadelphia, Pennsylvania",
  month     = may,
  year      = "1996",
}

@Proceedings{SIGMETRICS97,
   booktitle = {Proceedings of the 1997 Joint International Conference on Measurement and Modeling of Computer Systems (SIGMETRICS/PERFORMANCE '97)},
   address = "Seattle, Washington",
   month = jun,
   year = 1997,
}

@Proceedings{SIGMETRICS98,
   booktitle = {Proceedings of the 1998 Joint International Conference on Measurement and Modeling of Computer Systems (SIGMETRICS/Performance '98)},
   address = "Madison, Wisconsin",
   month = jun,
   year = 1998,
}

@Proceedings{SIGMETRICS99,
  booktitle = "Proceedings of the 1999 ACM SIGMETRICS Conference on Measurement and Modeling of Computer Systems (SIGMETRICS '99)",
  address   = "Atlanta, Georgia",
  month     = may,
  year      = "1999",
}

@Proceedings{SIGMETRICS05,
  booktitle = "Proceedings of the 2005 ACM SIGMETRICS Conference on Measurement and Modeling of Computer Systems (SIGMETRICS '05)",
  address   = "Banff, Canada",
  month     = jun,
  year      = "2005",
}

@Proceedings{SIGMETRICS06,
  booktitle = "Proceedings of the 2006 ACM SIGMETRICS Conference on Measurement and Modeling of Computer Systems (SIGMETRICS '06)",
  address   = "Saint-Malo, France",
  month     = jun,
  year      = "2006",
}

@Proceedings{SIGMETRICS07,
  booktitle = "Proceedings of the 2007 ACM SIGMETRICS Conference on Measurement and Modeling of Computer Systems (SIGMETRICS '07)",
  address   = "San Diego, California",
  month     = jun,
  year      = "2007",
}

@Proceedings{SIGMETRICS09,
  booktitle = "Proceedings of the 2009 Joint International Conference on Measurement and Modeling of Computer Systems (SIGMETRICS/Performance '09)",
  address   = "Seattle, Washington",
  month     = jun,
  year      = "2007",
}

%
% SIGMOD
%

@Proceedings{SIGMOD84,
  booktitle = {Proceedings of the 1984 ACM SIGMOD Conference on the Management of Data (SIGMOD '84)},
  address = {Boston, Massachusetts},
  month = jun,
  year = {1984},
}

@Proceedings{SIGMOD88,
  booktitle = {Proceedings of the 1988 ACM SIGMOD Conference on the Management of Data (SIGMOD '88)},
  address = {Chicago, Illinois},
  month = jun,
  year = {1988},
}

@Proceedings{SIGMOD93,
  booktitle =  "Proceedings of the 1993 ACM SIGMOD International Conference on Management of Data (SIGMOD '93)",
  address   = "Washington, DC",
  month     = may,
  year      = "1993",
}

@Proceedings{SIGMOD94,
  booktitle =  "Proceedings of the 1994 ACM SIGMOD International Conference on Management of Data (SIGMOD '94)",
  address   = "Minneapolis, Minnesota",
  month     = may,
  year      = "1994",
}

@Proceedings{SIGMOD95,
  booktitle =  "Proceedings of the 1995 ACM SIGMOD International Conference on Management of Data (SIGMOD '95)",
  address   = "San Jose, California",
  month     = jun,
  year      = "1995",
}

@Proceedings{SIGMOD96,
  booktitle =  "Proceedings of the 1996 ACM SIGMOD International Conference on Management of Data (SIGMOD '96)",
 address = {New York, New York},
  month     = jun,
  year      = "1996",
}

@Proceedings{SIGMOD97,
  booktitle =  "Proceedings of the 1997 ACM SIGMOD International Conference on Management of Data (SIGMOD '97)",
  address   = "Tucson, Arizona",
  month     = may,
  year      = "1997",
}

@Proceedings{SIGMOD02,
  booktitle =  "Proceedings of the 2002 ACM SIGMOD International Conference on Management of Data (SIGMOD '02)",
  address   = "Madison, Wisconsin",
  month     = jun,
  year      = "2002",
}

@Proceedings{SIGMOD05,
  booktitle =  "Proceedings of the 2005 ACM SIGMOD International Conference on Management of Data (SIGMOD '05)",
  address   = "Baltimore, Maryland",
  month     = jun,
  year      = "2005",
}

@Proceedings{SIGMOD07,
  booktitle =  "Proceedings of the 2007 ACM SIGMOD International Conference on Management of Data (SIGMOD '07)",
  address   = "Beijing, China",
  month     = jun,
  year      = "2007",
}



@Proceedings{SPIN05,
  booktitle = "12th International SPIN Workshop on Model Checking of Software (SPIN '05)",
  address = "San Francisco, CA",
  month = aug,
  year = 2005,
}


@Proceedings{SNAPI03,
  booktitle = "International Workshop on Storage Network Architecture and Parallel I/Os (SNAPI '03)",
  address = "New Orleans, LA",
  month = sep,
  year = 2003,
}

%
% SOSP
%

@Proceedings{SOSP73,
  booktitle = {Proceedings of the 4th ACM Symposium on Operating Systems Principles (SOSP '73)},
  address =      "Yorktown Heights, New York",
  month =        oct,
  year =         "1973",
}

@Proceedings{SOSP75,
  booktitle = {Proceedings of the 5th ACM Symposium on Operating Systems Principles (SOSP '75)},
  address =      "Austin, Texas",
  month =        nov,
  year =         "1975",
}

@Proceedings{SOSP77,
  booktitle = {Proceedings of the 6th ACM Symposium on Operating Systems Principles (SOSP '77)},
  address   = "West Lafayette, Indiana",
  month     = nov,
  year      = "1977",
}

@Proceedings{SOSP81,
  booktitle = {Proceedings of the 8th ACM Symposium on Operating Systems Principles (SOSP '81)},
  month = dec,
  year = 1981,
  address = "Pacific Grove, California",
}

@Proceedings{SOSP83,
  booktitle =  "Proceedings of the 9th ACM Symposium on Operating System Principles (SOSP '83)",
  month =        oct,
  year =         1983,
  address =      "Bretton Woods, New Hampshire",
}

@Proceedings{SOSP85,
  booktitle =  "Proceedings of the 10th ACM Symposium on Operating System Principles (SOSP '85)",
  month =        dec,
  year =         1985,
  address =      "Orcas Island, Washington",
}

@Proceedings{SOSP87,
  booktitle =  {Proceedings of the 11th ACM Symposium on Operating Systems Principles (SOSP '87)},
  month =      "November",
  year =       "1987",
  address    = "Austin, Texas",
}

@Proceedings{SOSP89,
  booktitle =  {Proceedings of the 12th ACM Symposium on Operating Systems Principles (SOSP '89)},
  month =      dec,
  year =       "1989",
  address    = "Litchfield Park, Arizona",
}

@Proceedings{SOSP91,
  booktitle  = {Proceedings of the 13th ACM Symposium on Operating Systems Principles (SOSP '91)},
  address    = {Pacific Grove, California},
  month      = oct, 
  year       = {1991},
}

@Proceedings{SOSP93,
  booktitle  = {Proceedings of the 14th ACM Symposium on Operating Systems Principles (SOSP '93)},
  address    = {Asheville, North Carolina},
  month      = dec, 
  year       = {1993},
}

@Proceedings{SOSP95,
  booktitle  = {Proceedings of the 15th ACM Symposium on Operating Systems Principles (SOSP '95)},
  address    = {Copper Mountain Resort, Colorado},
  month      = dec, 
  year       = {1995},
}

@Proceedings{SOSP97,
  booktitle  = {Proceedings of the 16th ACM Symposium on Operating Systems Principles (SOSP '97)},
  address    = {Saint-Malo, France},
  month      = oct, 
  year       = {1997},
}

@Proceedings{SOSP99,
  booktitle  = {Proceedings of the 17th ACM Symposium on Operating Systems Principles (SOSP '99)},
  address    = {Kiawah Island Resort, South Carolina},
  month      = dec, 
  year       = {1999},
}

@Proceedings{SOSP01,
  booktitle  = {Proceedings of the 18th ACM Symposium on Operating Systems Principles (SOSP '01)},
  month      = "October",
  year       = "2001",
  address    = "Banff, Canada",
}

@Proceedings{SOSP03,
  booktitle  = {Proceedings of the 19th ACM Symposium on Operating Systems Principles (SOSP '03)},
  month      = "October",
  year       = "2003",
  address    = "Bolton Landing, New York",
}

@Proceedings{SOSP05,
  booktitle  = {Proceedings of the 20th ACM Symposium on Operating Systems Principles (SOSP '05)},
  month      = "October",
  year       = "2005",
  address    = "Brighton, United Kingdom",
}

@Proceedings{SOSP07,
  booktitle  = {Proceedings of the 21st ACM Symposium on Operating Systems Principles (SOSP '07)},
  month      = oct,
  year       = "2007",
  address    = "Stevenson, Washington",
}

@Proceedings{SOSP09,
  booktitle  = {Proceedings of the 22nd ACM Symposium on Operating Systems Principles (SOSP '09)},
  month      = oct,
  year       = "2009",
  address    = "Big Sky, Montana",
}


@Proceedings{SOSP11,
  booktitle  = {Proceedings of the 23rd ACM Symposium on Operating Systems Principles (SOSP '11)},
  month      = oct,
  year       = "2011",
  address    = "Cascais, Portugal",
}

@Proceedings{SOSP13,
  booktitle  = {Proceedings of the 24th ACM Symposium on Operating Systems Principles (SOSP '13)},
  month      = nov,
  year       = "2013",
  address    = "Farmington, Pennsylvania",
}

@Proceedings{STOC97,
  booktitle  = {Proceedings of the Twenty-ninth Annual ACM symposium on Theory of Computing (STOC '97)},
  address    = "El Paso, Texas",
  year       = "1997",
  month      = may,
}

@Proceedings{STORAGESS05,
  booktitle  = {The 1st International Workshop on Storage Security and Survivability (StorageSS '05)},
  month      = "November",
  year       = "2005",
  address    = "FairFax County, Virginia",
}

@Proceedings{STORAGESS06,
  booktitle  = {The 2nd International Workshop on Storage Security and Survivability (StorageSS '06)},
  month      = "November",
  year       = "2006",
  address    = "Alexandria, Virginia",
}

@Proceedings{OOPSLA03,
  booktitle  = {The 18th ACM SIGPLAN Conference on Object-Oriented Programming, Systems, Languages, and Applications (OOPSLA '03)},
  month      = oct,
  year       = "2003",
  address    = "Anaheim, California",
}

@Proceedings{OOPSLA04,
  booktitle  = {The 19th ACM SIGPLAN Conference on Object-Oriented Programming, Systems, Languages, and Applications (OOPSLA '04)},
  month      = oct,
  year       = "2004",
  address    = "Vancouver, Canada",
}

@Proceedings{OOPSLA06,
  booktitle  = {ACM SIGPLAN International Conference on Object-Oriented Programming, Systems, Languages, and Applications (OOPSLA '06)},
  month      = "October",
  year       = "2006",
  address    = "Portland, Oregon",
} 

@Proceedings{SPDT98,
  booktitle  = {The 1998 Symposium on Parallel and Distributed Tools (SPDT '98)},
  address    = "Welches, Oregon",
  month      = aug,
  year       = "1998",
}

@Proceedings{TOOLS02,
  booktitle  = {Proceedings of the 12th International Conference on Modeling Tools and Techniques for Computer and Communication System Performance Evaluation (TOOLS '02)},
  month      = apr,
  year       = "2002",
  address    = "London, United Kingdom",
}

%
% USENIX
%

@Proceedings{USENIX-SUMMER84,
  booktitle = 	 {Proceedings of the USENIX Summer Technical Conference (USENIX Summer '84)},
  month =        jun,
  year = 	 {1984},
  address = 	 {Salt Lake City, Utah},
}

@Proceedings{USENIX-SUMMER86,
  booktitle = {Proceedings of the USENIX Summer Technical Conference (USENIX Summer '86)},
  month = jun,
  year = {1986},
  address = {Atlanta, Georgia},
}

@Proceedings{USENIX-WINTER89,
    booktitle = {Proceedings of the USENIX Winter Technical Conference (USENIX Winter '89)},
    address = "San Diego, California",
    month = jan,
    year = "1989",
}

@Proceedings{USENIX-WINTER90,
    booktitle = {Proceedings of the USENIX Winter Technical Conference (USENIX Winter '90)},
    address = "Washington, D.C",
    month = jan,
    year = "1990",
}

@Proceedings{USENIX-WINTER91,
  booktitle = {Proceedings of the USENIX Winter Technical Conference (USENIX Winter '91)},
  address   = {Dallas, Texas},
  month     = {January},
  year      = {1991},
}

@PROCEEDINGS{USENIX-WINTER92,
  BOOKTITLE  = {Proceedings of the USENIX Winter Technical Conference (USENIX Winter '92)},
  ADDRESS    = {San Francisco, California},
  MONTH     = jan,
  YEAR      = {1992},
}

@PROCEEDINGS{USENIX-WINTER93,
  booktitle =    "Proceedings of the USENIX Winter Technical Conference (USENIX Winter '93)",
  year =         "1993",
  month =        jan,
  address =      "San Diego, California",
}

@PROCEEDINGS{USENIX-WINTER94,
  booktitle =    "Proceedings of the USENIX Winter Technical Conference (USENIX Winter '94)",
  year =         "1994",
  month =        jan,
  address =      "San Francisco, California",
}

@PROCEEDINGS{USENIX-SUMMER94,
  booktitle =    "Proceedings of the USENIX Summer Technical Conference (USENIX Summer '94)",
  address =      "Boston, Massachusetts",
  month =        jun,
  year =         "1994",
}

@PROCEEDINGS{USENIX95,
  booktitle =    "Proceedings of the USENIX Annual Technical Conference (USENIX '95)",
  address =      "New Orleans, Louisiana",
  month =        jan,
  year =         "1995",
}

@PROCEEDINGS{USENIX96,
  booktitle    = {Proceedings of the USENIX Annual Technical Conference (USENIX '96)},
  month        = jan,
  address      = "San Diego, California",
  year         = "1996",
}

@PROCEEDINGS{USENIX97,
  booktitle    = {Proceedings of the USENIX Annual Technical Conference (USENIX '96)},
  month        = jan,
  address      = "Anaheim, California",
  year         = "1997",
}

@PROCEEDINGS{USENIX98,
  booktitle = {Proceedings of the USENIX Annual Technical Conference (USENIX '98)},
  year = {1998},
  month = jun,
  address = "New Orleans, Louisiana",
}

@PROCEEDINGS{USENIX99,
  booktitle = {Proceedings of the USENIX Annual Technical Conference (USENIX '99)},
  year = 	 {1999},
  address = 	 {Monterey, California},
  month = 	 {June},
}

@PROCEEDINGS{USENIX00,
  booktitle = "Proceedings of the USENIX Annual Technical Conference (USENIX '00)", 
  address   = "San Diego, California", 
  month     = Jun,
  year      = "2000",
}

@PROCEEDINGS{USENIX01,
  booktitle = {Proceedings of the USENIX Annual Technical Conference (USENIX '01)},
  month     = "June",
  year      = "2001",
  address   = "Boston, Massachusetts",
}

@PROCEEDINGS{USENIX02,
  booktitle = {Proceedings of the USENIX Annual Technical Conference (USENIX '02)},
  month = "June",
  year = "2002",
  address = "Monterey, California",
}

@PROCEEDINGS{USENIX03,
  booktitle = {Proceedings of the USENIX Annual Technical Conference (USENIX '03)},
  month = "June",
  year = "2003",
  address = "San Antonio, Texas"
}

@PROCEEDINGS{USENIX04,
  booktitle = {Proceedings of the USENIX Annual Technical Conference (USENIX '04)},
  month = "June",
  year = "2004",
  address = "Boston, Massachusetts",
}

@PROCEEDINGS{USENIX05,
  booktitle = {Proceedings of the USENIX Annual Technical Conference (USENIX '05)},
  month = "April",
  year = "2005",
  address = "Anaheim, California"
}

@PROCEEDINGS{USENIX06,
  booktitle = {Proceedings of the USENIX Annual Technical Conference (USENIX '06)},
  month = "June",
  year = "2006",
  address = "Boston, Massachusetts",
}

@PROCEEDINGS{USENIX07,
  booktitle = {Proceedings of the USENIX Annual Technical Conference (USENIX '07)},
  month = "June",
  year = "2007",
  address = "Santa Clara, CA",
}

@PROCEEDINGS{USENIX08,
  booktitle = {Proceedings of the USENIX Annual Technical Conference (USENIX '08)},
  month = "June",
  year = "2008",
  address = "Boston, Massachusetts",
}

@PROCEEDINGS{USENIX09,
  booktitle = {Proceedings of the USENIX Annual Technical Conference (USENIX '09)},
  month = "June",
  year = "2009",
  address = "San Diego, California",
}

@PROCEEDINGS{USENIX10,
  booktitle = {Proceedings of the USENIX Annual Technical Conference (USENIX '10)},
  month = "June",
  year = "2010",
  address = "Boston, Massachusetts",
}

@PROCEEDINGS{USENIX12,
  booktitle = {Proceedings of the USENIX Annual Technical Conference (USENIX '12)},
  month = jun,
  year = "2012",
  address = "Boston, Massachusetts",
}

@PROCEEDINGS{Usenix98-Secure,
  booktitle = {Proceedings of the 7th USENIX Security Symposium (Sec '98)},
  year = {1998},
  month = jan,
  address = "San Antonio, Texas",
}

@Proceedings{Usenix01-Secure,
  booktitle = {Proceedings of the 10th USENIX Security Symposium (Sec '01)},
  year = {2001},
  month = aug,
  address = "Washington, D.C",
}

@Proceedings{Usenix02-Secure,
  booktitle = {Proceedings of the 11th USENIX Security Symposium (Sec '02)},
  year = {2002},
  month = aug,
  address = "San Fransisco, California",
}

@Proceedings{Usenix03-Secure,
  booktitle = {Proceedings of the 12th USENIX Security Symposium (Sec '03)},
  year = {2003},
  month = aug,
  address = "Washington, D.C",
}

@PROCEEDINGS{Usenix04-Secure,
  booktitle = {Proceedings of the 13th USENIX Security Symposium (Sec '04)},
  year = {2004},
  month = aug,
  address = "San Diego, California",
}

@Proceedings{USENIX-DSL97,
  booktitle = {Proceedings of the USENIX Conference on Domain-Specific Languages (DSL '97)}, 
  month = oct,
  year = 1997,
  address = "Santa Barbara, California",
}

@Proceedings{USENIX-NT00,
  booktitle = "Proceedings of the 4th USENIX Windows Systems Symposium",
  month = "August",
  year = "2000",
  address = "Seattle, Washington",
}

@Proceedings{USITS99,
    booktitle = {Proceedings of the 2rd USENIX Symposium on Internet Technologies and Systems (USITS '99)},
    month = oct,
    year = "1999",
    address = "Boulder, Colorado",
}

@Proceedings{USITS01,
    booktitle = {Proceedings of the 3rd USENIX Symposium on Internet Technologies and Systems (USITS '01)},
    month = mar,
    year = "2001",
    address = "San Francisco, California",
}

@Proceedings{VLDB81,
  month     = sep,
  year      = {1981},
  address   = "Cannes, France",
  booktitle = {Proceedings of the 7th International Conference on Very Large Data Bases (VLDB 7)},
}

@Proceedings{VLDB85,
  month     = aug,
  year      = {1985},
  address   = "Stockholm, Sweden",
  booktitle = {Proceedings of the 11th International Conference on Very Large Data Bases (VLDB 11)},
}

@Proceedings{VLDB88,
  booktitle = {Proceedings of the 14th International Conference on Very Large Data Bases (VLDB 14)},
  year = {1988},
  address = "Los Angeles, California",
  month = aug,
}

@Proceedings{VLDB90,
  booktitle = {Proceedings of the 16th International Conference on Very Large Data Bases (VLDB 16)},
  address = "Brisbane, Australia",
  month = aug,
  year = 1990,
}

@Proceedings{VLDB94,
  booktitle = "Proceedings of the 20th International Conference on Very Large Databases (VLDB 20)",
  address   = "Santiago, Chile",
  month     = sep,
  year      = "1994"
}

@Proceedings{VLDB98,
  booktitle = "Proceedings of the 24th International Conference on Very Large Databases (VLDB 24)",
  address   = "New York, New York",
  month     = aug,
  year      = "1998", 
}

@Proceedings{VLDB02,
  booktitle = "Proceedings of the 28th International Conference on Very Large Databases (VLDB 28)",
  address   = "Hong Kong, China",
  month     = aug,
  year      = "2002", 
}

@Proceedings{VLDB04,
  booktitle = "Proceedings of the 30th International Conference on Very Large Databases (VLDB 30)",
  address   = "Toronto, Canada",
  month     = sep,
  year      = "2004", 
}


@proceedings{VMCAI04,
  booktitle = {5th International Conference Verification, Model Checking and Abstract Interpretation (VMCAI '04)},
  month     = jan,
  address   = "Venice, Italy",
  year      = {2004},
}

@proceedings{VM04,
  booktitle = {Proceedings of the 3rd Virtual Machine Research and Technology Symposium (VM '04)},
  month     = may,
  address   = "San Jose, California",
  year      = {2004},
}

@Proceedings{VSTTE05,
  booktitle = "Workshop on Verified Software: Theories, Tools, Experiments (VSTTE '05)", 
  address = "Zurich, Switzerland", 
  month = oct,
  year = "2005",
}

@Proceedings{WDB02,
  booktitle = "Workshop on Dependability Benchmarking (WDB '02)",
  address = "Washington, DC", 
  month = jun,
  year = "2002",
}

@Proceedings{WDBM83,
  booktitle = "Proceedings of the 3rd International Workshop on Database Machines", 
  address = "Munich, Germany", 
  month = sep,
  year = "1983",
}

@Proceedings{WIAPP03,
  booktitle = "Proceedings of the Third IEEE Workshop on Internet Applications (WIAPP '06)",
  address   = "San Jose, CA",
  month     = jun,
  year      = 2003,
}

@Proceedings{WIOSCA06,
  booktitle = "Workshop on the Interaction between Operating Systems and Computer Architecture (WIOSCA '06)",
  address   = "Boston, Massachusetts",
  month     = Jun,
  year      = 2006,
}

@Proceedings{WWOS93,
  booktitle = "Proceedings of the 4th Workshop on Workstation Operating Systems (WWOS-IV)",
  address   = "Napa, California",
  month     = oct,
  year      = "1993",
}

@Proceedings{WWOS97,
  booktitle = "Proceedings of the 6th Workshop on Workstation Operating Systems (WWOS-VI)",
  month = may,
  year = "1997",
  address = "Cape Codd, Massachusetts",
}

@Proceedings{LISA03,
  booktitle = "Proceedings of the 17th Annual Large Installation System Administration Conference (LISA '03)",
  address   = "San Diego, California",
  month     = oct,
  year      = 2003,
}

@Proceedings{LISA04,
  booktitle = "Proceedings of the 18th Annual Large Installation System Administration Conference (LISA '04)",
  address   = "Atlanta, Georgia",
  month     = nov,
  year      = 2004,
}

