@string{jan = "January" }
@string{feb = "February" }
@string{mar = "March" }
@string{apr = "April" }
@string{may = "May" }
@string{jun = "June" }
@string{jul = "July" }
@string{aug = "August" }
@string{sep = "September" }
@string{oct = "October" }
@string{nov = "November" }
@string{dec = "December" }

@string{sciam = "Scientific American"}

@string{compcon86 = "Proceedings of the 31st Computer Society  International Conference (Spring Compcon '86)"}

@string{compiler82  = "Proceedings of the ACM SIGPLAN Symposium on Compiler Construction"}

@string{sigcomm89 = "Proceedings of the ACM SIGCOMM '89 Conference on Communications Architectures and Protocols" }
@string{sigcomm91 = "Proceedings of the ACM SIGCOMM '91 Conference on Communications Architectures and Protocols" }

@string{sigmetrics89 = "Proceedings of the 1989 ACM SIGMETRICS and PERFORMANCE Conference on Measurement and Modeling of Computer Systems" }
@string{sigmetrics89p = "" }
@string{sigmetrics89m = may }

@string{sigmetrics92 = "Proceedings of the 1992 ACM SIGMETRICS and PERFORMANCE Conference on Measurement and Modeling of Computer Systems" }
@string{sigmetrics92p = "" }
@string{sigmetrics92m = may }

@string{sigmetrics95 = "Proceedings of the 1995 ACM SIGMETRICS and PERFORMANCE Conference on Measurement and Modeling of Computer Systems" }
@string{sigmetrics95p = "Ontario, Canada" }
@string{sigmetrics95m = may }

@string{sigmetrics87 = "Proceedings of the 1987 ACM SIGMETRICS Conference" }
@string{sigmetrics90 = "Proceedings of the 1990 ACM SIGMETRICS Conference" }
@string{sigmetrics91 = "Proceedings of the 1991 ACM SIGMETRICS Conference" }
@string{sigmetrics93  = "Proceedings of the 1992 ACM SIGMETRICS Conference" }
@string{sigmetrics94  = "Proceedings of the 1994 ACM SIGMETRICS Conference" }
@string{sigmetrics96  = "Proceedings of the 1996 ACM SIGMETRICS Conference" }
@string{sigmetrics99 = "Proceedings of the 1999 ACM SIGMETRICS Conference" }

@string{asplos4 = "Proceedings of the 4th International Conference on Architectural Support for Programming Languages and Operating Systems" }
@string{asplos5 = "Proceedings of the 5th International Conference on Architectural Support for Programming Languages and Operating Systems" }
@string{asplos6 = "Proceedings of the 6th International Conference on Architectural Support for Programming Languages and Operating Systems" }
@string{asplos7 = "Proceedings of the 7th International Conference on Architectural Support for Programming Languages and Operating Systems" }

@string{supercomputing92 = "Proceedings of Supercomputing '92" }
@string{supercomputing93 = "Proceedings of Supercomputing '93" }
@string{supercomputing95 = "Proceedings of Supercomputing '95" }

@string{usenix85w ="Proceedings of the 1985 USENIX Winter Conference"}
@string{usenix85 = "Proceedings of the 1985 USENIX Summer Conference"}
@string{usenix86 = "Proceedings of the 1986 USENIX Summer Conference"}
@string{usenix87s = "Proceedings of the 1987 USENIX Summer Conference"}
@string{usenix88 = "Proceedings of the 1988 USENIX Summer Conference"}
@string{usenix90 = "Proceedings of the 1990 USENIX Summer Conference"}
@string{usenix90w ="Proceedings of the 1990 USENIX Winter Conference"}
@string{usenix91 = "Proceedings of the 1991 USENIX Summer Conference"}
@string{usenix91w = "Proceedings of the 1991 USENIX Winter Conference"}
@string{usenix92 = "Proceedings of the 1992 USENIX Summer Conference"}
@string{usenix93 = "Proceedings of the 1993 USENIX Summer Conference"}
@string{usenix93w ="Proceedings of the 1993 USENIX Winter Conference"}
@string{usenix94 = "Proceedings of the 1994 USENIX Summer Conference"}
@string{usenix94w ="Proceedings of the 1994 USENIX Winter Conference"}
@string{usenix95 = "Proceedings of the 1995 USENIX Summer Conference"}

@string{usenix96 = "Proceedings of the 1996 USENIX Conference"}

@string{usenix97 = "Proceedings of the 1997 USENIX Conference"}

@string{sosp75  = "Proceedings of the 5th ACM Symposium on Operating Systems Principles (SOSP '75)" }
@string{sosp77  = "Proceedings of the 6th ACM Symposium on Operating Systems Principles (SOSP '77)" }
@string{sosp79  = "Proceedings of the 7th ACM Symposium on Operating Systems Principles (SOSP '79)" }
@string{sosp81  = "Proceedings of the 8th ACM Symposium on Operating Systems Principles (SOSP '81)" }
@string{sosp83  = "Proceedings of the 9th ACM Symposium on Operating Systems Principles (SOSP '83)" }
@string{sosp85  = "Proceedings of the 10th ACM Symposium on Operating Systems Principles (SOSP '85)" }
@string{sosp87  = "Proceedings of the 11th ACM Symposium on Operating Systems Principles (SOSP '87)" }
@string{sosp89  = "Proceedings of the 12th ACM Symposium on Operating Systems Principles (SOSP '89)" }
@string{sosp91  = "Proceedings of the 13th ACM Symposium on Operating Systems Principles (SOSP '91)" }
@string{sosp93  = "Proceedings of the 14th ACM Symposium on Operating Systems Principles (SOSP '93)" }
@string{sosp95  = "Proceedings of the 15th ACM Symposium on Operating Systems Principles (SOSP '95)" }
@string{sosp97  = "Proceedings of the 16th ACM Symposium on Operating Systems Principles (SOSP '97)" }

@string{osdi94  = "Proceedings of the 1st USENIX Symposium on Operating Systems Design and Implementation (OSDI '94)" } 

@string{osdi96 = "Proceedings of the 2nd USENIX Symposium on Operating Systems Design and Implementation (OSDI '96)" }
@string{osdi96wip = "Works-In-Progress at the 2nd USENIX Symposium on Operating Systems Design and Implementation" }

@string{hotint94  = "Proceedings of the 2nd Hot Interconnects Conference" }

@string{isca96  = "Proceedings of the 23rd International Symposium on Computer Architecture" }
@string{isca95  = "Proceedings of the 22nd International Symposium on Computer Architecture" }
@string{isca94  = "Proceedings of the 21st International Symposium on Computer Architecture" }
@string{isca93  = "Proceedings of the 20th International Symposium on Computer Architecture" }
@string{isca92  = "Proceedings of the 19th International Symposium on Computer Architecture" }
@string{isca91  = "Proceedings of the 18th International Symposium on Computer Architecture" }

@string{srds95 = "Proceedings of the 14th IEEE Symposium on Reliable Distributed Systems" }


@string{wwos92    = "Proceeding of the Third Workshop on Workstation Operating Systems" }

@string{bltj    = "AT\&T Bell Laboratories Technical Journal" }
@string{byte    = "Byte" }
@string{cacm    = "Communications of the ACM" }
@string{cj      = "The Computer Journal" }
@string{commun  = "IEEE Communications" }
@string{computer= "IEEE Computer" }
@string{comping = "Computing" }
@string{debu    = "IEEE Data Engineering Bulletin" }
@string{ibmjrd  = "IBM Journal of Research and Development" }
@string{ijpp    = "International Journal of Parallel Programing" }
@string{jacm    = "Journal of the ACM" }
@string{jai     = "Journal of Artificial Intelligence" }
@string{jsac    = "IEEE Journal on Selected Areas in Communications" }
@string{lncs    = "Lecture Notes in Computer Science" }
@string{micro   = "IEEE Micro" }
@string{network = "IEEE Network" }
@string{osrev   = "Operating Systems Review" }
@string{parco   = "Parallel Computing" }
@string{sciam   = "Scientific American" }
@string{sigact  = "ACM SIGACT News" }
@string{sigplan = "ACM SIGPLAN Notices" }
@string{soft    = "IEEE Software" }
@string{spe     = "Software---Practice and Experience" }
@string{spectr  = "IEEE Spectrum" }
@string{surv    = "ACM Computing Surveys" }
@string{tcom    = "IEEE Transactions on Communications" }
@string{toc     = "IEEE Transactions on Computers" }
@string{tocs    = "ACM Transactions on Computer Systems" }
@string{tos     = "ACM Transactions on Storage" }
@string{tods    = "ACM Transactions on Database Systems" }
@string{toplas  = "ACM Transactions on Programming Languages and Systems" }
@string{tose    = "IEEE Transactions on Software Engineering" }
@string{tpds    = "IEEE Transactions on Parallel and Distributed Systems" }
@string{ton     = "IEEE Transactions on Networking" }

@string{hp      = "Hewlett Packard Laboratories"}

