
% 
% This one is not autogenerated.
% Derived from personal-auto.bib 11/30/07
% 


@InProceedings{RothEtAl92-Pose,
           title = "{Model-driven pose correction}",
          author = "Yuval Roth and Annie S. Wu and Remzi H. Arpaci and Terry Weymouth and Ramesh Jain",
       booktitle = "Proceedings of the IEEE International Conference on Robotics and Automation",
           pages = "2625--2630",
           month = "May",
            year = "1992",
         address = "Nice, France",
}

@InProceedings{CohenEtAl92-Teleoperated,
           title = "{Teleoperated Mobile Robotics Instructional Laboratory}",
          author = "Charles J. Cohen and Lynn Conway and Remzi H. Arpaci and Alexander Ramos",
       booktitle = "Mobile Robots VII",
           pages = "202--210",
           month = "November",
            year = "1992",
         address = "Boston, Massachusetts",
}

@InProceedings{RamosArpaci92-GOALS,
           title = "{GOALS: A Real-Time Obstacle Avoidance Method for Mobile Robots}",
          author = "Alexander Ramos and Remzi H. Arpaci",
       booktitle = "Argonne Symposium for Undergraduates in Science, Engineering, and Mathematics",
           month = "November",
            year = "1992",
}

@Misc{ArpaciDusseauLiu93-Cosched,
           title = "{The Effects of a Non-dedicated Environment on Parallel Applications}",
          author = "Remzi H. Arpaci and Andrea C. Dusseau and Lok T. Liu",
    howpublished = "UC Berkeley CS 262 Project (Operating Systems)",
           month = "December",
            year = "1993",
}

@Misc{ArpaciDusseau93-Flow,
           title = "{Re-examining Scheduling and Communication in Parallel Programs}",
          author = "Andrea C. Dusseau and Remzi H. Arpaci",
    howpublished = "UC Berkeley CS 294 Project (Multiprocessor Networks)",
           month = "May",
            year = "1995",
}

@Misc{ArpaciSteinberg94-T3D,
           title = "{Microbenchmarking the T3D: Theory and Practice}",
          author = "Remzi H. Arpaci and Steve Steinberg",
    howpublished = "UC Berkeley CS 252 Project (Computer Architecture)",
           month = "May",
            year = "1994",
}

@TechReport{ArpaciVahdatEtAl94-ParSeq,
           title = "{Combining Parallel and Sequential Workloads on a NOW}",
          author = "Remzi H. Arpaci and Amin Vahdat and Tom Anderson and Dave Patterson",
     institution = "University of California, Berkeley",
            year = "1994",
          number = "CSD-94-838",
}

@InProceedings{ArpaciEtAl95a,
           title = "{The Interaction of Parallel and Sequential Workloads on a Network of Workstations}",
          author = "Remzi H. Arpaci and Andrea C. Dusseau and Amin Vahdat and Lok T. Liu and Tom Anderson and Dave Patterson",
           pages = "267--278",
        crossref = "SIGMETRICS95",
}

@InProceedings{ArpaciEtAl95b,
           title = "{Empirical Evaluation of the CRAY-T3D: A Compiler Perspective}",
          author = "Remzi H. Arpaci and David E. Culler and Arvind Krishnamurthy and Steve Steinberg and Kathy Yelick",
           pages = "320--331",
        crossref = "ISCA95",
}

@MastersThesis{Arpaci96-Masters,
           title = "{The Communication Behavior of a Distributed Operating System}",
          author = "Remzi H. Arpaci",
          school = "University of California, Berkeley",
            year = "1996",
}

@Misc{ArpaciDusseau96-NowSortClass,
           title = "{NOW-Sort: A Scalable, Commodity Workstation Sort}",
          author = "Remzi H. Arpaci and Andrea C. Dusseau",
    howpublished = "CS 286 (Database Management Systems)",
           month = "May",
            year = "1996",
}

@InProceedings{DusseauEtAl96,
           title = "{Effective Distributed Scheduling of Parallel Workloads}",
          author = "Andrea C. Dusseau and Remzi H. Arpaci and David E. Culler",
           pages = "25--36",
        crossref = "SIGMETRICS96",
}

@Misc{ArpaciDusseauVahdat95,
           title = "{Towards Process Management on a Network of Workstations}",
          author = "Remzi H. Arpaci and Andrea C. Dusseau and Amin Vahdat",
    howpublished = "http://www.cs.berkeley.edu/~remzi/258-final",
           month = "May",
            year = "1995",
}

@Misc{ArpaciDusseauVahdat95-2,
           title = "{Towards Process Management on a Network of Workstations}",
          author = "Remzi H. Arpaci and Andrea C. Dusseau and Amin Vahdat",
    howpublished = "UC Berkeley CS 294 Project (Parallel Computer Architecture)",
           month = "May",
            year = "1995",
}

@Misc{ArpaciFahndrich96,
           title = "{RevEELing Solaris}",
          author = "Remzi H. Arpaci-Dusseau and Manuel Fahndrich",
    howpublished = "UC Berkeley CS 294 Project (Intelligent RAM)",
           month = "May",
            year = "1996",
}

@InProceedings{Arpaci-DusseauEtAl97,
           title = "{High-Performance Sorting on Networks of Workstations}",
          author = "Andrea C. Arpaci-Dusseau and Remzi H. Arpaci-Dusseau and David E. Culler and Joseph M. Hellerstein and Dave Patterson",
        crossref = "SIGMOD97",
}

@InProceedings{KeetonEtAl97-SmartSimm,
           title = "{IRAM and SmartSIMM: Overcoming the I/O Bus Bottleneck}",
          author = "Kimberly K. Keeton and Remzi H. Arpaci-Dusseau and Dave Patterson",
       booktitle = "The Workshop on Mixing Logic and DRAM at ISCA '97",
           month = "June",
            year = "1997",
         address = "Denver, Colorado",
}

@InProceedings{CullerEtAl97,
           title = "{Parallel Computing on the Berkeley NOW}",
          author = "David E. Culler and Andrea C. Arpaci-Dusseau and Remzi H. Arpaci-Dusseau and Brent Chun and Steven Lumetta and Alan Mainwaring and Richard Martin and Chad Yoshikawa and Frederick Wong",
       booktitle = "The 9th Joint Symposium on Parallel Processing (JSPP '97)",
           month = "June",
            year = "1997",
         address = "Kobe, Japan",
}

@InProceedings{Arpaci-Dusseau98:Implicit,
           title = "{Scheduling with Implicit Information in Distributed Systems}",
          author = "Andrea C. Arpaci-Dusseau and David E. Culler and Alan Mainwaring",
        crossref = "SIGMETRICS98",
}

@InProceedings{Arpaci-DusseauEtAl98,
           title = "{The Architectural Costs of Streaming I/O: A Comparison of Workstations, Clusters, and SMPs}",
          author = "Remzi H. Arpaci-Dusseau and Andrea C. Arpaci-Dusseau and David E. Culler and Joseph M. Hellerstein and Dave Patterson",
        crossref = "HPCA98",
}

@InProceedings{Arpaci-DusseauEtAl98b,
           title = "{Searching for the Sorting Record: Experiences in Tuning NOW-Sort}",
          author = "Andrea C. Arpaci-Dusseau and Remzi H. Arpaci-Dusseau and David E. Culler and Joseph M. Hellerstein and Dave Patterson",
        crossref = "SPDT98",
}

@InProceedings{Arpaci-DusseauEtAl99,
           title = "{Cluster I/O with River: Making the Fast Case Common}",
          author = "Remzi H. Arpaci-Dusseau and Eric Anderson and Noah Treuhaft and David E. Culler and Joseph M. Hellerstein and Dave Patterson and Kathy Yelick",
        crossref = "IOPADS99",
}

@InProceedings{WongEtAl99,
           title = "{Architectural Requirements and Scalability of the NAS Parallel Benchmarks}",
          author = "Frederick Wong and Richard Martin and Remzi H. Arpaci-Dusseau and David Wu and David E. Culler",
        crossref = "SC99",
}

@PhdThesis{DusseauPhd98,
           title = "{Implicit Coscheduling: Coordinated Scheduling with Implicit Information in Distributed Systems}",
          author = "Andrea C. Arpaci-Dusseau",
          school = "University of California, Berkeley",
            year = "1998",
}

@PhdThesis{ArpaciPhd99,
           title = "{Performance Availability for Networks of Workstations}",
          author = "Remzi H. Arpaci-Dusseau",
          school = "University of California, Berkeley",
            year = "1999",
}

@TechReport{TalagalaEtAl99-TR,
           title = "{Microbenchmark-based Extraction of Local and Global Disk Characteristics}",
          author = "Nisha Talagala and Remzi H. Arpaci-Dusseau and Dave Patterson",
     institution = "University of California, Berkeley",
            year = "1999",
          number = "CSD-99-1063",
}

@InProceedings{Arpaci-DusseauEtAl01-Wind,
           title = "{Manageable Storage via Adaptation in WiND}",
          author = "Andrea C. Arpaci-Dusseau and Remzi H. Arpaci-Dusseau and John Bent and Brian Forney and Sambavi Muthukrishnan and Florentina I. Popovici and Omer Zaki",
       booktitle = "International Symposium on Cluster Computing and the Grid (CCGrid '01)",
           pages = "1--9",
           month = "May",
            year = "2001",
         address = "Brisbane, Australia",
}

@Misc{WiND,
           title = "{The Wisconsin Network Disks Project}",
          author = "Andrea C. Arpaci-Dusseau and Remzi H. Arpaci-Dusseau",
    howpublished = "http://www.cs.wisc.edu/wind",
            year = "2000",
}

@Misc{Arpaci-DusseauEtAl00a,
           title = "{An Information-Based Approach to Distributed Systems Design}",
          author = "Andrea C. Arpaci-Dusseau and Remzi H. Arpaci-Dusseau",
    howpublished = "Unpublished document",
           month = "June",
            year = "2000",
}

@Misc{Arpaci-DusseauEtAl00b,
           title = "{An Evaluation of Run-Time Adaptation in River}",
          author = "Remzi H. Arpaci-Dusseau and Andrea C. Arpaci-Dusseau",
    howpublished = "Unpublished document",
           month = "November",
            year = "2000",
}

@Misc{Arpaci-Dusseau00c,
           title = "{A Study of the Growth of Linux}",
          author = "Remzi H. Arpaci-Dusseau",
    howpublished = "http://www.cs.wisc.edu/~remzi/Linux",
           month = "June",
            year = "2000",
}

@Misc{Evenson00,
           title = "{A Theoretical Analysis of Graduated Declustering via Markov Modeling}",
          author = "Andy Evenson and Remzi H. Arpaci-Dusseau",
    howpublished = "Unpublished document",
           month = "June",
            year = "2000",
}

@InProceedings{Arpaci-Dusseau01-Stutter,
           title = "{Fail-Stutter Fault Tolerance}",
          author = "Remzi H. Arpaci-Dusseau and Andrea C. Arpaci-Dusseau",
           pages = "33--38",
        crossref = "HOTOS01",
}

@InProceedings{ThainEtAl01-Well,
           title = "{Gathering at the Well: Creating Communities for Grid I/O}",
          author = "Doug Thain and John Bent and Andrea C. Arpaci-Dusseau and Remzi H. Arpaci-Dusseau and Miron Livny",
           pages = "1--10",
        crossref = "SC01",
}

@Article{Arpaci-Dusseau01-TOCS,
           title = "{Implicit Coscheduling: Coordinated Scheduling with Implicit Information in Distributed System}",
          author = "Andrea C. Arpaci-Dusseau",
         journal = "ACM Transactions on Computer Systems (TOCS)",
           pages = "283--331",
           month = "August",
            year = "2001",
          volume = "19",
          number = "3",
}

@InProceedings{Arpaci-Dusseau01-GrayBox,
           title = "{Information and Control in Gray-Box Systems}",
          author = "Andrea C. Arpaci-Dusseau and Remzi H. Arpaci-Dusseau",
           pages = "43--56",
        crossref = "SOSP01",
}

@InProceedings{SivathanuEtAl01-BAIO,
           title = "{Block Asynchronous I/O: A Flexible Infrastructure For User-Level Filesystems}",
          author = "Muthian Sivathanu and Venkateshwaran Venkataramani and Remzi H. Arpaci-Dusseau",
       booktitle = "The International Conference on High-Performance Computing (HiPC '01)",
           pages = "249--261",
           month = "December",
            year = "2001",
         address = "India",
}

@InProceedings{ForneyEtAl02-FAST,
           title = "{Storage-Aware Caching: Revisiting Caching For Heterogeneous Storage Systems}",
          author = "Brian Forney and Andrea C. Arpaci-Dusseau and Remzi H. Arpaci-Dusseau",
           pages = "61--74",
        crossref = "FAST02",
}

@InProceedings{BurnettEtAl02-Usenix,
           title = "{Exploiting Gray-Box Knowledge of Buffer-Cache Contents}",
          author = "Nathan C. Burnett and John Bent and Andrea C. Arpaci-Dusseau and Remzi H. Arpaci-Dusseau",
           pages = "29--44",
        crossref = "USENIX02",
}

@InProceedings{DenehyEtAl02-Usenix,
           title = "{Bridging the Information Gap in Storage Protocol Stacks}",
          author = "Timothy E. Denehy and Andrea C. Arpaci-Dusseau and Remzi H. Arpaci-Dusseau",
           pages = "177--190",
        crossref = "USENIX02",
}

@InProceedings{BentEtAl02-HPDC,
           title = "{Flexibility, Manageability, and Performance in a Grid Storage Appliance}",
          author = "John Bent and Venkateshwaran Venkataramani and Nick Leroy and Alain Roy and Joseph Stanley and Andrea C. Arpaci-Dusseau and Remzi H. Arpaci-Dusseau and Miron Livny",
           pages = "3--12",
        crossref = "HPDC02",
}

@InProceedings{SivathanuEtAl02-Asplos,
           title = "{Evolving RPC for Active Storage}",
          author = "Muthian Sivathanu and Andrea C. Arpaci-Dusseau and Remzi H. Arpaci-Dusseau",
           pages = "264--276",
        crossref = "ASPLOS02",
}

@TechReport{SivathanuEtAl02-SSD-TR,
           title = "{Semantically-Smart Disk Systems}",
          author = "Muthian Sivathanu and Vijayan Prabhakaran and Florentina I. Popovici and Timothy E. Denehy and Andrea C. Arpaci-Dusseau and Remzi H. Arpaci-Dusseau",
     institution = "University of Wisconsin, Madison",
            year = "2002",
          number = "CS 1445",
}

@TechReport{ForneyEtAl02-TR,
           title = "{Storage-Aware Caching: Revisiting Caching For Heterogeneous Storage Systems}",
          author = "Brian Forney and Andrea C. Arpaci-Dusseau and Remzi H. Arpaci-Dusseau",
     institution = "University of Wisconsin, Madison",
            year = "2002",
          number = "CS 1441",
}

@InProceedings{SivathanuEtAl03-FAST,
           title = "{Semantically-Smart Disk Systems}",
          author = "Muthian Sivathanu and Vijayan Prabhakaran and Florentina I. Popovici and Timothy E. Denehy and Andrea C. Arpaci-Dusseau and Remzi H. Arpaci-Dusseau",
           pages = "73-88",
        crossref = "FAST03",
}

@Article{Arpaci-Dusseau03-TOCS,
           title = "{Run-Time Adaptation in River}",
          author = "Remzi H. Arpaci-Dusseau",
         journal = "ACM Transactions on Computer Systems (TOCS)",
           pages = "36--86",
           month = "February",
            year = "2003",
          volume = "21",
          number = "1",
}

@TechReport{PopoviciEtAl02-Mimic-TR,
           title = "{Robust, Portable I/O Scheduling with the Disk Mimic}",
          author = "Florentina I. Popovici and Andrea C. Arpaci-Dusseau and Remzi H. Arpaci-Dusseau",
     institution = "University of Wisconsin, Madison",
            year = "2002",
          number = "CS 1457",
}

@TechReport{NugentEtAl02-Place-TR,
           title = "{A Gray-Box Approach To Controlling Data Layout: Techniques and Implementation}",
          author = "James Nugent and Andrea C. Arpaci-Dusseau and Remzi H. Arpaci-Dusseau",
     institution = "University of Wisconsin, Madison",
            year = "2002",
          number = "CS 1456",
}

@TechReport{BentEtAl02-Migratory-TR,
           title = "{Migratory File Services for Scientific Applications}",
          author = "John Bent and Andrea C. Arpaci-Dusseau and Remzi H. Arpaci-Dusseau and Miron Livny",
     institution = "University of Wisconsin, Madison",
            year = "2002",
          number = "CS 1460",
}

@TechReport{Arpaci-Dusseau03-HotosInfokernel-TR,
           title = "{Infokernel: An evolutionary approach to operating system design}",
          author = "Andrea C. Arpaci-Dusseau and Remzi H. Arpaci-Dusseau",
     institution = "University of Wisconsin, Madison",
            year = "2003",
          number = "CS 1465",
}

@TechReport{Arpaci-Dusseau03-HotosStop-TR,
           title = "{Stop All File Systems Research}",
          author = "Andrea C. Arpaci-Dusseau and Remzi H. Arpaci-Dusseau",
     institution = "University of Wisconsin, Madison",
            year = "2003",
          number = "CS 1466",
}

@TechReport{ThainEtAl03-Batch-TR,
           title = "{The Architectural Implications of Pipeline and Batch Sharing in Scientific Workloads}",
          author = "Doug Thain and John Bent and Andrea C. Arpaci-Dusseau and Remzi H. Arpaci-Dusseau and Miron Livny",
     institution = "University of Wisconsin, Madison",
            year = "2003",
          number = "CS 1463",
}

@InProceedings{PopoviciEtAl03-Mimic,
           title = "{Robust, Portable I/O Scheduling with the Disk Mimic}",
          author = "Florentina I. Popovici and Andrea C. Arpaci-Dusseau and Remzi H. Arpaci-Dusseau",
           pages = "297--310",
        crossref = "USENIX03",
}

@InProceedings{NugentEtAl03-Place,
           title = "{Controlling your PLACE in the File System with Gray-box Techniques}",
          author = "James Nugent and Andrea C. Arpaci-Dusseau and Remzi H. Arpaci-Dusseau",
           pages = "311--324",
        crossref = "USENIX03",
}

@TechReport{SivathanuEtAl03-DGRAID-TR,
           title = "{Improving Storage System Availability with D-GRAID}",
          author = "Muthian Sivathanu and Vijayan Prabhakaran and Andrea C. Arpaci-Dusseau and Remzi H. Arpaci-Dusseau",
     institution = "University of Wisconsin, Madison",
            year = "2003",
          number = "CS 1473",
}

@InCollection{BentEtAl03-NestBook,
           title = "{NeST - A Grid Enabled Storage Appliance}",
          author = "John Bent and Venkateshwaran Venkataramani and Nick Leroy and Alain Roy and Joseph Stanley and Andrea C. Arpaci-Dusseau and Remzi H. Arpaci-Dusseau and Miron Livny",
          editor = "Jan Weglarz and Jarek Nabrzyski and Jennifer Schopf and Macief Stroinkski",
       booktitle = "Grid Resource Management",
         chapter = "22",
       publisher = "Kluwer Academic Publishers",
           month = "June",
            year = "2003",
           pages = "341--358",
}

@InProceedings{ThainEtAl03-HPDC,
           title = "{Pipeline and Batch Sharing in Grid Workloads}",
          author = "Doug Thain and John Bent and Andrea C. Arpaci-Dusseau and Remzi H. Arpaci-Dusseau and Miron Livny",
           pages = "152--161",
        crossref = "HPDC03",
}

@InProceedings{Arpaci-Dusseau03-Infokernel,
           title = "{Transforming Policies into Mechanisms with Infokernel}",
          author = "Andrea C. Arpaci-Dusseau and Remzi H. Arpaci-Dusseau and Nathan C. Burnett and Timothy E. Denehy and Thomas J. Engle and Haryadi S. Gunawi and James Nugent and Florentina I. Popovici",
           pages = "90--105",
        crossref = "SOSP03",
}

@InProceedings{SivathanuEtAl04-FAST,
           title = "{Improving Storage System Availability with D-GRAID}",
          author = "Muthian Sivathanu and Vijayan Prabhakaran and Andrea C. Arpaci-Dusseau and Remzi H. Arpaci-Dusseau",
           pages = "15--30",
        crossref = "FAST04",
}

@InProceedings{BentEtAl04-NSDI,
           title = "{Explicit Control in a Batch-Aware Distributed File System}",
          author = "John Bent and Doug Thain and Andrea C. Arpaci-Dusseau and Remzi H. Arpaci-Dusseau and Miron Livny",
           pages = "365--378",
        crossref = "NSDI04",
}

@InProceedings{BairavasundaramEtAl04-ISCA,
           title = "{X-RAY: A Non-Invasive Exclusive Caching Mechanism for RAIDs}",
          author = "Lakshmi N. Bairavasundaram and Muthian Sivathanu and Andrea C. Arpaci-Dusseau and Remzi H. Arpaci-Dusseau",
           pages = "176--187",
        crossref = "ISCA04",
}

@InProceedings{DenehyEtAl04-Asplos,
           title = "{Deconstructing Storage Arrays}",
          author = "Timothy E. Denehy and John Bent and Florentina I. Popovici and Andrea C. Arpaci-Dusseau and Remzi H. Arpaci-Dusseau",
           pages = "59--71",
        crossref = "ASPLOS04",
}

@InProceedings{SivathanuEtAl04-OSDI,
           title = "{Life or Death at Block Level}",
          author = "Muthian Sivathanu and Lakshmi N. Bairavasundaram and Andrea C. Arpaci-Dusseau and Remzi H. Arpaci-Dusseau",
           pages = "379--394",
        crossref = "OSDI04",
}

@InProceedings{GunawiEtAl04-OSDI,
           title = "{Deploying Safe User-Level Network Services with icTCP}",
          author = "Haryadi S. Gunawi and Andrea C. Arpaci-Dusseau and Remzi H. Arpaci-Dusseau",
           pages = "317--332",
        crossref = "OSDI04",
}

@InProceedings{PrabhakaranEtAl05-Usenix,
           title = "{Analysis and Evolution of Journaling File Systems}",
          author = "Vijayan Prabhakaran and Andrea C. Arpaci-Dusseau and Remzi H. Arpaci-Dusseau",
           pages = "105--120",
        crossref = "USENIX05",
}

@Article{SivathanuEtAl05-TOS,
           title = "{Improving Storage System Availability with D-GRAID}",
          author = "Muthian Sivathanu and Vijayan Prabhakaran and Andrea C. Arpaci-Dusseau and Remzi H. Arpaci-Dusseau",
         journal = "ACM Transactions on Storage (TOS)",
           pages = "133--170",
           month = "May",
            year = "2005",
          volume = "1",
          number = "2",
}

@InProceedings{GunawiEtAl05-ISCA,
           title = "{Deconstructing Commodity Storage Clusters}",
          author = "Haryadi S. Gunawi and Nitin Agrawal and Andrea C. Arpaci-Dusseau and Remzi H. Arpaci-Dusseau and Jiri Schindler",
           pages = "60--73",
        crossref = "ISCA05",
}

@InProceedings{PrabhakaranEtAl05-DSN,
           title = "{Model-Based Failure Analysis of Journaling File Systems}",
          author = "Vijayan Prabhakaran and Andrea C. Arpaci-Dusseau and Remzi H. Arpaci-Dusseau",
           pages = "802--811",
        crossref = "DSN05",
}

@InProceedings{PrabhakaranEtAl05-SOSP,
           title = "{IRON File Systems}",
          author = "Vijayan Prabhakaran and Lakshmi N. Bairavasundaram and Nitin Agrawal and Haryadi S. Gunawi and Andrea C. Arpaci-Dusseau and Remzi H. Arpaci-Dusseau",
  booktitle  = {Proceedings of the 20th ACM Symposium on Operating Systems Principles (SOSP '05)},
  month      = "October",
  year       = "2005",
  address    = "Brighton, United Kingdom",
}

@InProceedings{SivathanuEtAl05-Logic,
           title = "{A Logic of File Systems}",
          author = "Muthian Sivathanu and Andrea C. Arpaci-Dusseau and Remzi H. Arpaci-Dusseau and Somesh Jha",
           pages = "1--15",
        crossref = "FAST05",
}

@InProceedings{SivathanuEtAl05-SDSDB,
           title = "{Database-Aware Semantically-Smart Storage}",
          author = "Muthian Sivathanu and Lakshmi N. Bairavasundaram and Andrea C. Arpaci-Dusseau and Remzi H. Arpaci-Dusseau",
           pages = "239--252",
        crossref = "FAST05",
}

@InProceedings{DenehyEtAl05-FAST,
           title = "{Journal-guided Resynchronization for Software RAID}",
          author = "Timothy E. Denehy and Andrea C. Arpaci-Dusseau and Remzi H. Arpaci-Dusseau",
           pages = "87--100",
        crossref = "FAST05",
}

@InProceedings{Santhanam05-WORLDS,
           title = "{Deploying Virtual Machines as Sandboxes for the Grid}",
          author = "Sriya Santhanam and Pradheep Elango and Andrea C. Arpaci-Dusseau and Miron Livny",
       booktitle = "Second Workshop on Real Large Distributed Systems (WORLDS'05)",
           month = "December",
            year = "2005",
}

@Article{PrabhakaranEtAl06-TDSC,
           title = "{Model-Based Failure Analysis of Journaling File Systems}",
          author = "Vijayan Prabhakaran and Andrea C. Arpaci-Dusseau and Remzi H. Arpaci-Dusseau",
         journal = "To appear in IEEE Transactions on Dependable and Secure Computing (TDSC)",
            year = "2006",
}

@Article{Arpaci-Dusseau06-Semantic,
           title = "{Semantically-Smart Disk Systems: Past, Present, and Future}",
          author = "Andrea C. Arpaci-Dusseau and Remzi H. Arpaci-Dusseau and Lakshmi N. Bairavasundaram and Timothy E. Denehy and Florentina I. Popovici and Vijayan Prabhakaran and Muthian Sivathanu",
         journal = "Sigmetrics Performance Evaluation Review (PER)",
           pages = "29--35",
           month = "March",
            year = "2006",
          volume = "33",
          number = "4",
}

@InProceedings{JonesEtAl06-Antfarm,
           title = "{Antfarm: Tracking Processes in a Virtual Machine Environment}",
          author = "Stephen T. Jones and Andrea C. Arpaci-Dusseau and Remzi H. Arpaci-Dusseau",
        crossref = "USENIX06",
}

@InProceedings{BairavasundaramEtAl06-DSN,
           title = "{Dependability Analysis of Virtual Memory Systems}",
          author = "Lakshmi N. Bairavasundaram and Andrea C. Arpaci-Dusseau and Remzi H. Arpaci-Dusseau",
        crossref = "DSN06",
}

@InProceedings{ElangoEtAl06-WIOSCA,
           title = "{Design Choices For Utilizing The Disk Idleness In A Virtual Machine Environment}",
          author = "Pradheep Elango and Saisuresh Krishnakumaran and Remzi H. Arpaci-Dusseau",
        crossref = "WIOSCA06",
}

@InProceedings{JonesEtAl06-Geiger,
           title = "{Geiger: Monitoring the Buffer Cache in a Virtual Machine Environment}",
          author = "Stephen T. Jones and Andrea C. Arpaci-Dusseau and Remzi H. Arpaci-Dusseau",
        crossref = "ASPLOS06",
}

@InProceedings{BairavasundaramEtAl06-LimitingTrust,
           title = "{Limiting Trust in the Storage Stack}",
          author = "Meenali Rungta and Lakshmi N. Bairavasundaram and Andrea C. Arpaci-Dusseau and Remzi H. Arpaci-Dusseau",
       booktitle = "The International Workshop on Storage Security and Survivability (StorageSS '06)",
           month = "November",
            year = "2006",
         address = "Alexandria, Virginia",
}

@Book{HandP-06,
  title = "{Computer Architecture: A Quantitative Approach (4th Edition)}",
  author = "John L. Hennessy and David A. Patterson",
  note = "With contributions by Andrea C. Arpaci-Dusseau, Remzi H. Arpaci-Dusseau, Krste Asanovic, Robert P. Colwell, Thomas M. Conte, Jose Duato, Diana Franklin, David Goldberg, Wen-mei W. Hwu, Norman P. Jouppi, Timothy M. Pinkston, John W. Sas, David A. Wood",
  year = "2006",
  publisher = "Morgan Kaufmann",
}

@InProceedings{ArpaciDusseau07-Tcl,
           title = "{Making Beautiful Graphs with Zplot}",
          author = "Remzi H. Arpaci-Dusseau",
       booktitle = "Proceedings of the 14th Annual Tcl/Tk Conference",
           month = "September",
            year = "2007",
         address = "New Orleans, Louisiana",
}

@InProceedings{KrishnanEtAl07-StorageSS,
           title = "{The Effects of Metadata Corruption on NFS}",
          author = "Swetha Krishnan and Giridhar Ravipati and Andrea C.
              Arpaci-Dusseau and Remzi H. Arpaci-Dusseau and Barton P.
              Miller",
       booktitle = "Proceedings of the 3rd International Workshop on Storage
           Security and Survivability (StorageSS'07)",
           month = "October",
            year = "2007",
         address = "Alexandria, Virginia",
}

@InProceedings{GunawiEtAl07-IOShepherd,
           title = "{Improving File System Reliability with I/O Shepherding}",
          author = "Haryadi S. Gunawi and Vijayan Prabhakaran and Swetha Krishnan and Andrea C. Arpaci-Dusseau and Remzi H. Arpaci-Dusseau",
           pages = "283--296",
        crossref = "SOSP07",
}

@InProceedings{KrioukovEtAl08-Paradise,
  title = "{Parity Lost and Parity Regained}",
  author = "Andrew Krioukov and Lakshmi N. Bairavasundaram and Garth R. Goodson and Kiran Srinivasan and Randy Thelen and Andrea C. Arpaci-Dusseau and Remzi H. Arpaci-Dusseau",
  crossref = "FAST08",
  pages    = "127--141",
}

@InProceedings{BairavasundaramEtAl08-Corruption,
  title = "{An Analysis of Data Corruption in the Storage Stack}",
  author = "Lakshmi N. Bairavasundaram and Garth R. Goodson and Bianca Schroeder and Andrea C. Arpaci-Dusseau and  Remzi H. Arpaci-Dusseau",
  crossref = "FAST08",
  pages = "223--238",
}

@InProceedings{GunawiEtAl08-EIO,
           title = "{EIO: Error Handling is Occasionally Correct}",
          author = "Haryadi S. Gunawi and Cindy Rubio-Gonzalez and Andrea C. Arpaci-Dusseau and Remzi H. Arpaci-Dusseau and Ben Liblit",
       crossref = "FAST08",
  pages = "207--222",
}

@InProceedings{JonesEtAl08-Lycosid,
           title = "{VMM-based Hidden Process Detection and Identification using Lycosid}",
          author = "Stephen T. Jones and Andrea C. Arpaci-Dusseau and Remzi H. Arpaci-Dusseau",
       booktitle = "ACM International Conference on Virtual Execution Environments (VEE 2008)",
           month = "March",
            year = "2008",
         address = "Seattle, Washington",
}

@InProceedings{Bairavasundaram08-DSN,
  title = "{Analyzing the Effects of Disk Pointer Corruption}",
  author = "Lakshmi N. Bairavasundaram and Meenali Rungta and Nitin Agrawal and Andrea C. Arpaci-Dusseau and Remzi H. Arpaci-Dusseau and Michael M. Swift",
  crossref = "DSN08",
}

@InProceedings{GunawiEtAl08-SQCK,
    title = "{SQCK: A Declarative File System Checker}",
   author = "Haryadi S. Gunawi and Abhishek Rajimwale and Andrea C. Arpaci-Dusseau and Remzi H. Arpaci-Dusseau",
 crossref = "OSDI08",
}

@InProceedings{AnandEtAl08-RangeWrites,
    title = "{Avoiding File System Micromanagement with Range Writes}",
   author = "Ashok Anand and Sayandeep Sen and Andrew Krioukov and Florentina Popovici and Aditya Akella and Andrea C. Arpaci-Dusseau and Remzi H. Arpaci-Dusseau and Suman Banerjee",
 crossref = "OSDI08",
}

@InProceedings{AgrawalEtAl08-CodeMRI,
           title = "{Towards Realistic File-System Benchmarks with CodeMRI}",
          author = "Nitin Agrawal and Andrea C. Arpaci-Dusseau and Remzi H. Arpaci-Dusseau",
       booktitle = "First Workshop on Hot Topics in Measurement and Modeling of Computer Systems (ACM HotMetrics '08)",
           month = "June",
            year = "2008",
         address = "Annapolis, MD",
}

@article{AgrawalEtAl08-PER,
 author = {Nitin Agrawal and Andrea C. Arpaci-Dusseau and Remzi H. Arpaci-Dusseau},
 title = {{Towards Realistic File-System Benchmarks with CodeMRI}},
 journal = {SIGMETRICS Perform. Eval. Rev.},
 volume = {36},
 number = {2},
 year = {2008},
 issn = {0163-5999},
 pages = {52--57},
 doi = {http://doi.acm.org/10.1145/1453175.1453184},
 publisher = {ACM},
 address = {New York, NY, USA},
}

@Article{BairavasundaramEtAl08-Corruption-Login,
  title = "{Data Corruption in the Storage Stack: A Closer Look}",
  author = "Lakshmi N. Bairavasundaram and Garth R. Goodson and Bianca Schroeder and Andrea C. Arpaci-Dusseau and  Remzi H. Arpaci-Dusseau",
  journal = {;login: The USENIX Magazine},
  volume = 33,
  number = 3,
  month = jun,
  year = 2008,
}

@InProceedings{AgrawalEtAl09-Impressions,
  title = "{Generating Realistic Impressions for File-System Benchmarking}",
  author = "Nitin Agrawal and Andrea C. Arpaci-Dusseau and Remzi H. Arpaci-Dusseau",
  crossref = "FAST09",
}

@InProceedings{SundararamanEtAl09-Membrane,
           title = "{Why panic()? Improving Reliability with Restartable File Systems}",
          author = "{Swaminathan Sundararaman, Sriram Subramanian, Abhishek Rajimwale, Andrea C. Arpaci-Dusseau,
                    Remzi H. Arpaci-Dusseau, Michael M. Swift}",
       booktitle = "Workshop on Hot Topics in Storage and File Systems (HotStorage '09)",
           month = "October",
            year = "2009",
         address = "Big Sky, Montana",
}

@InProceedings{RubioGonzalez+09-PLDI,
  title = "{Error Propagation Analysis for File Systems}",
  author = "Cindy Rubio-Gonzalez and Haryadi S. Gunawi and Ben Liblit and Remzi H. Arpaci-Dusseau and Andrea C. Arpaci-Dusseau", 
  crossref = "PLDI09",
}

@InProceedings{Bairavasundaram+09-EnvyFS,
  title = "{Tolerating File-System Mistakes with EnvyFS}",
  author = "Lakshmi N. Bairavasundaram and Swaminathan Sundararaman and Andrea C. Arpaci-Dusseau and Remzi H. Arpaci-Dusseau",
  crossref = "USENIX09",
}

@InProceedings{Bent+09-DataDriven, 
    author = {John Bent and Remzi Arpaci-Dusseau and Andrea Arpaci-Dusseau and Miron Livny and Timothy Denehy},
    title = {{Data-Driven Batch Scheduling}},
    booktitle = {The Second International Workshop on Data-Aware Distributed Computing},
    year = {2009}, 
    address = {Munich, Germany}, 
    month = jun,
}

@Article{AgrawalEtAl09-ACMTOS,
           title = "{Generating Realistic Impressions for File-System Benchmarking}",
          author = "Nitin Agrawal and Andrea C. Arpaci-Dusseau and Remzi H. Arpaci-Dusseau",
         journal = "ACM Transactions on Storage",
           month = "November",
            year = "2009",
          volume = "5",
          number = "4",
}

@InProceedings{Subramanian+09-SQL,
     title = "{Impact of Disk Corruption on Open-Source DBMS}",
    author = {Sriram Subramanian and Yupu Zhang and Rajiv Vaidyanathan and
              Haryadi S. Gunawi and Andrea C. Arpaci-Dusseau and
              Remzi H. Arpaci-Dusseau and Jeffrey F. Naughton},
  crossref = "ICDE10",
}

@InProceedings{ZhangEtAl10-ZFSCorruption,
    title = "{End-to-end Data Integrity for File Systems: A ZFS Case Study}",
    author = "{Yupu Zhang, Abhishek Rajimwale, Andrea C. Arpaci-Dusseau,
    Remzi H. Arpaci-Dusseau}",
    crossref = "FAST10",
}

@InProceedings{ArpaciDusseauEtAl10-Nameless,
    title = "{Removing The Costs Of Indirection in Flash-based SSDs with Nameless Writes}",
    author = "{Andrea C. Arpaci-Dusseau, Remzi H. Arpaci-Dusseau, Vijayan Prabhakaran}",
    crossref = "HOTSTOR10",
}

@InProceedings{SundararamanEtAl10-Membrane,
           title = "{Membrane: Operating System Support for Restartable File Systems}",
          author = "Swaminathan Sundararaman and Sriram Subramanian and
              Abhishek Rajimwale and Andrea C. Arpaci-Dusseau and Remzi H. Arpaci-Dusseau and Michael M. Swift",
        crossref = "FAST10",
}

@InProceedings{SundararamanEtAl11-AMA,
   title = "{Making the Common Case the Only Case with Anticipatory Memory Allocation}",
   author = "Swaminathan Sundararaman and Yupu Zhang and Sriram Subramanian and 
             Andrea C. Arpaci-Dusseau and Remzi H. Arpaci-Dusseau",
        crossref = "FAST11",
}

@InProceedings{Gunawi+11-NSDI,
  author = "Haryadi S. Gunawi and Thanh Do and Pallavi Joshi and Peter Alvaro and Joseph M. Hellerstein and Andrea C. Arpaci-Dusseau and Remzi H. Arpaci-Dusseau and Koushik Sen and Dhruba Borthakur",
  title  = "{FATE and DESTINI: A Framework for Cloud Recovery Testing}",
  crossref = "NSDI11",
}

@InProceedings{Agrawal+11-David,
  title = "{Emulating Goliath Storage Systems with David}",
  author = "Nitin Agrawal and Leo Arulraj and Andrea C. Arpaci-Dusseau and Remzi H. Arpaci-Dusseau",
  crossref = "FAST11",
}

@InProceedings{Thanu+11-Quarantine,
  title = "{Quarantine: Fault Tolerance for Concurrent Servers with Data-Driven Selective Isolation}",
  author = "Thanumalayan Sankaranarayana Pillai and Andrea C. Arpaci-Dusseau and Remzi H. Arpaci-Dusseau",
  crossref = "HOTPAR11",
}

@InProceedings{Rajimwale+11-CCE,
  title = "{Coerced Cache Eviction and Discreet-Mode Journaling: Dealing with Misbehaving Disks}",
  author = "Abhishek Rajimwale and Vijay Chidambaram and Deepak Ramamurthi and Andrea C. Arpaci-Dusseau and Remzi H. Arpaci-Dusseau",
  crossref = "DSN11",
}

@InProceedings{Sundararaman+11-ReFUSE,
  title = "{Refuse to Crash with Re-FUSE}",
  author = "Swaminathan Sundararaman and Laxman Visampalli and Andrea C. Arpaci-Dusseau and Remzi H. Arpaci-Dusseau",
  crossref = "EUROSYS11",
}

@InProceedings{Harter+11-iBench,
   title = "{A File is Not a File: Understanding the I/O Behavior of Apple Desktop Applications}",
   author = "Tyler Harter and Chris Dragga and Michael Vaughn and Andrea C. Arpaci-Dusseau and Remzi H. Arpaci-Dusseau",
   crossref= "SOSP11",
}

@InProceedings{Chidambaram+12-NoFS,
    title = "{Consistency Without Ordering}",
    author = "Vijay Chidambaram and Tushar Sharma and Andrea C. Arpaci-Dusseau and Remzi H. Arpaci-Dusseau",
    crossref = "FAST12",
}

@InProceedings{Zhang+12-Nameless,
    title = "{De-indirection for Flash-based SSDs with Nameless Writes}",
    author = "Yiying Zhang and Leo Arulraj and Andrea C. Arpaci-Dusseau and Remzi H. Arpaci-Dusseau",
    crossref = "FAST12",
}

@Article{Harter+12-TOCS,
           title = "{A File is Not a File: Understanding the I/O Behavior of Apple Desktop Applications}",
          author = "Tyler Harter and Chris Dragga and Michael Vaughn and Andrea C. Arpaci-Dusseau and Remzi H. Arpaci-Dusseau",
         journal = "ACM Transactions on Computing Systems",
           month = "August",
            year = "2012",
          volume = "30",
          number = "3",
}

@Book{ArpaciDusseau12-Book,
  author = 	 {Remzi H. Arpaci-Dusseau and Andrea C. Arpaci-Dusseau},
  title = 	 {Operating Systems: Three Easy Pieces},
  publisher = 	 {Arpaci-Dusseau Books},
  year = 	 {2012},
  edition = 	 {0.5},
}


