@book{Martin_1983,
	title = {Human Brain Evolution in an Ecological Context},
	publisher = {American Museum of Natural History},
	author = {Martin, Robert D.},
	year = {1983}
},

@article{Rilling_Insel_1999,
	title = {The primate neocortex in comparative perspective using magnetic resonance imaging},
	volume = {37},
	issn = {0047-2484},
	number = {2},
	journal = {Journal of Human Evolution},
	author = {Rilling, James K. and Insel, Thomas R.},
	year = {1999},
	pages = {191--223}
}
