% bib conferences

@Proceedings{AMAST95,
  booktitle = "AMAST '95",
  address = "Montreal, Canada",
  month = jul,
  year = 1995,
}

@Proceedings{ASPLOS91,
  booktitle = "ASPLOS IV",
  address = "Santa Clara, CA",
  month = apr,
  year = {1991},
}

@Proceedings{ASPLOS92,
  booktitle = "ASPLOS V",
  address = "Boston, MA",
  month = oct,
  year = 1992,
}

@Proceedings{ASPLOS96,
  Booktitle = "ASPLOS VII",
  Address = "Cambridge, MA",
  Month = oct,
  Year = 1996,
}

@Proceedings{ASPLOS98,
  booktitle = "ASPLOS VIII",
  address = "San Jose, CA",
  month = oct,
  year = 1998,
}

@Proceedings{ASPLOS00,
  booktitle = "ASPLOS IX",
  address = "Cambridge, MA",
  month = nov,
  year = 2000,
}

@Proceedings{ASPLOS02,
  booktitle = "ASPLOS X",
  address = "San Jose, CA",
  month = oct,
  year = 2002,
}

@Proceedings{ASPLOS04,
  booktitle = "ASPLOS XI",
  address = "Boston, MA",
  month = oct,
  year = 2004,
}

@Proceedings{ASPLOS08,
  booktitle = "ASPLOS XIII",
  address = "Seattle, WA",
  month = mar,
  year = 2008,
}

@Proceedings{BSDCON02,
  booktitle = "BSDCon '02",
  address = "San Fransisco, CA",
  month = feb,
  year = 2002,
}

@Proceedings{CC02,
  booktitle = "CC '02",
  pages     = "213--228",
  year      = "2002",
  month = apr
}

@Proceedings{DISC00,
  booktitle = "DISC '00",
  address   = "Toledo, Spain",
  month     = oct,
  year      = 2000,
}

@Proceedings{DSN01,
  booktitle = "DSN '01",
  address = "Goteborg, Sweden",
  month = jun,
  year = 2001,
}

@Proceedings{DSN02,
  booktitle = "DSN '02",
  address = "Bethesda, MD",
  month = jun,
  year = 2002,
}

@Proceedings{DSN03,
  booktitle = "DSN '03",
  address = "San Francisco, CA",
  month = jun,
  year = 2003,
}

@Proceedings{DSN05,
  booktitle = "DSN '05",
  address = "Yokohoma, Japan",
  month = jun,
  year = 2005,
}

@Proceedings{DSN06,
  booktitle = "DSN '06",
  address = "Philadelphia, PA",
  month = jun,
  year = 2006,
}

@Proceedings{DSN08,
  booktitle = "DSN '08",
  address = "Anchorage, Alaska",
  month = jun,
  year = 2008,
}

@Proceedings{EUROSYS06,
  booktitle = "EuroSys '06",
  address   = "Leuven, Belgium",
  month     = apr,
  year      = {2006},
}

@Proceedings{EUROSYS07,
  booktitle = "EuroSys '07",
  address   = "Lisbon, Portugal",
  month     = mar,
  year      = {2007},
}

@Proceedings{EUROSYS08,
  booktitle = "EuroSys '08",
  address   = "Glasgow, Scotland UK",
  month     = mar,
  year      = {2008},
}


@Proceedings{EUROSYS09,
  booktitle = "EuroSys '09",
  address   = "Nuremburg, Germany",
  month     = apr,
  year      = {2009},
}

@Proceedings{EUROSYS10,
   booktitle = "EuroSys '10",
   address   = "Paris, France",
   month     = apr, 
   year = {2010},
}

@Proceedings{FAST02,
  booktitle = "FAST '02",
  address = "Monterey, CA",
  month = jan,
  year = {2002},
}

@Proceedings{FAST03,
  booktitle = "FAST '03",
  address = "San Francisco, CA",
  month = apr,
  year = {2003},
}

@Proceedings{FAST04,
  booktitle = "FAST '04",
  address = "San Francisco, CA",
  month = "April",
  year = {2004},
}

@Proceedings{FAST05,
  booktitle = "FAST '05",
  address = "San Francisco, CA",
  month = dec,
  year = {2005},
}

@Proceedings{FAST07,
  booktitle = "FAST '07",
  address = "San Jose, CA",
  month = feb,
  year = {2007},
}

@Proceedings{FAST08,
  booktitle = "FAST '08",
  address = "San Jose, CA",
  month = feb,
  year = {2008},
}

@Proceedings{FAST09,
  booktitle = "FAST '09",
  address = "San Jose, CA",
  month = feb,
  year = {2009},
}

@Proceedings{FAST10,
  booktitle = "FAST '09",
  address = "San Francisco, CA",
  month = feb,
  year = {2010},
}

@Proceedings{FAST11,
  booktitle = "FAST '11",
  address = "San Jose, CA",
  month = feb,
  year = {2011},
}

@PROCEEDINGS{FREENIX01,
  booktitle = "FREENIX '01",
  month = jun,
  year = "2001",
  address = "Boston, MA",
}

@Proceedings{FREENIX02,
  booktitle =    "FREENIX '02",
  year = 	 {2002},
  address = 	 {Monterey, CA},
  month = 	 {June},
}

@Proceedings{FSE00,
  booktitle = "FSE '00",
  address = "San Diego, CA",
  month = nov,
  year = 2000,
}

@Proceedings{FTCS21,
  booktitle = "FTCS-21",
  address = "Montreal, Canada",
  month = jun,
  year = {1991},
}

@Proceedings{FTCS23,
  booktitle = "FTCS-23",
  address = "Toulouse, France",
  month = jun,
  year = 1993,
}

@Proceedings{FTCS23-Short,
  booktitle = "FTCS-23",
  address = "France",
  year = 1993,
}


@Proceedings{FTCS29,
  booktitle = "FTCS-29",
  address = "Madison, Wisconsin",
  month = jun,
  year = 1999,
}


@Proceedings{HASE01,
  booktitle = "HASE '01",
  address = "Boca Raton, Florida",
  month = oct,
  year = 2001,
}

@Proceedings{HOTDEP05,
  booktitle = "HotDep I",
  month = "Nov",
  year = "2005",
  address = "Yokohama, Japan",
}

@Proceedings{HOTDEP06,
  booktitle = "HotDep II",
  month     = "Nov",
  year      = "2006",
  address   = "Seattle, WA",
}

@Proceedings{HOTDEP07,
  booktitle = "HotDep III",
  month = "Jun",
  year = "2007",
  address = "Edinburgh, UK",
}

@Proceedings{HOTDEP09,
  booktitle = "HotDep V",
  month = "Jun",
  year = "2009",
  address = "Estoril, Portugal",
}

@Proceedings{HOTOS99,
  booktitle    = "HotOS IX",
  year         = "1999",
  month        = mar,
  address      = "Rio Rico, Arizona",
}

@Proceedings{HOTOS01,
  booktitle = "HotOS VIII",
  month     = "May",
  year      = "2001",
  address   = "Schloss Elmau, Germany",
}

@Proceedings{HOTOS03,
  booktitle    = "HotOS IX",
  year         = "2003",
  month        = may,
  address      = "Lihue, Hawaii",
}

@Proceedings{HOTOS05,
  booktitle    = "HotOS X",
  year         = 2005,
  month        = jun,
  address      = "Sante Fe, New Mexico",
}

@Proceedings{HOTOS07,
  booktitle    = "HotOS XI",
  year         = 2007,
  month        = may,
  address      = "San Deigo, CA",
}

@Proceedings{HOTNETS02,
  booktitle    = "HotNets-I",
  year         = 2002,
  month        = oct,
  address      = "Princeton, NJ",
}

@Proceedings{HPCA05,
  booktitle = "HPCA-11",
  month     = feb,
  year      = {2005},
  address   = {San Francisco, CA},
}

@Proceedings{HPDC98,
  booktitle = "HPDC 7", 
  address = "Chicago, IL",
  month = jul,
  year = 1998,
}

@Proceedings{HPDC01,
  booktitle = "HPDC 10",
  address = "San Francisco, CA", 
  month = aug,
  year = 2001,
}

@Proceedings{HPDC02,
  booktitle = "HPDC 11",
  address = "Edinburgh, Scotland", 
  month = jul,
  year = "2002",
}
@Proceedings{HPDC03,
  booktitle = "HPDC 12",
  address = "Seattle, WA",
  month = jun,
  year  = 2003,
}

% ICAC
@Proceedings{ICAC06,
  booktitle = "ICAC '06",
  address   = "Dublin, Ireland",
  month     = jun,
  year      = "2006",
}

% ICDCS
@Proceedings{ICDCS00,
  booktitle = {ICDCS '00},
  address   = "Taipei, Taiwan",
  month     = oct,
  year      = 2000,
}

% ICDE
@Proceedings{ICDE90,
  booktitle = {ICDE '90}, 
  address   = "Los Angeles, CA",
  month     = feb,
  year      = {1990},
}

@Proceedings{ICFEM04,
  booktitle = "ICFEM '04",
  address = "Seattle, WA",
  month = nov,
  year = 2004,
}

@Proceedings{ICSE00,
  booktitle = "ICSE '00",
  address = "Limerick, Ireland",
  month = jun,
  year = 2000,
}

@Proceedings{IEEESP06,
  booktitle = {IEEE Security and Privacy},
  address   = "Berkeley, CA",
  month     = may,
  year      = "2006",
}


@Proceedings{IOPADS97,
  booktitle = "IOPADS '97",
  address   = "San Jose, CA",
  month     = nov,
  year      = "1997",
}

@Proceedings{ISCA90,
  Booktitle = "ISCA '90",
  Address = "Seattle, WA",
  Month = may,
  Year = {1992},
}

@Proceedings{ISCA19,
  Booktitle = "ISCA '92",
  Address = "Gold Coast, Australia",
  Month = may,
  Year = {1992},
}

@Proceedings{ISCA93,
  Booktitle = "ISCA '93",
   address = {San Diego, CA},
   year = "1993",
   month = may,
}

@Proceedings{ISCA95,
  booktitle = "ISCA '95",
  address = "Santa Margherita Ligure, Italy",
  month = jun,
  year = {1995},
}

@Proceedings{ISCA97,
  booktitle = {ISCA '97},
  year = {1997},
  month = {May},
  address = "Denver, CO",
}


@Proceedings{ISCA04,
  booktitle = {ISCA '04},
  year = {2004},
  month = {Jun},
  address = "Munich, Germany",
}

@Proceedings{ISCA05,
  booktitle = {ISCA '05},
  year = {2005},
  month = {Jun},
  address = "Madison, WI",
}

@Proceedings{ISSTA07,
  booktitle = "{ISSTA '07}",
  year = {2007},
  month = Jul,
  address = "London, United Kingdom",
}

@Proceedings{IVNET06,
  booktitle = "IVNET '06",
  address = "Florianopolis, Brazil",
  month = oct,
  year = 2006,
}

@Proceedings{LISA03,
  booktitle = "LISA '03",
  address   = "San Diego, CA",
  month     = oct,
  year      = 2003,
}

@Proceedings{LISA04,
  booktitle = "LISA '04",
  address   = "Atlanta, GA",
  month     = nov,
  year      = 2004,
}

@Proceedings{MASCOTS04,
  booktitle = "MASCOTS '04",
  year = "2004",
  address = "Volendam, Netherlands",
  month = oct,
}

@Proceedings{MOBICOM99,
  booktitle = "MobiCom '99",
  address   = "Seattle, WA",
  month     = aug,
  year      = "1999",
}

%
% MobiHoc
%

@Proceedings{MOBIHOC03,
  booktitle = "MobiHoc '03",
  address   = "Annapolis, MA",
  month     = jun,
  year      = "2003",
}


@Proceedings{NSDI04,
  booktitle = "NSDI '04",
  address   = "San Francisco, CA",
  month     = mar,
  year      = "2004",
}

@Proceedings{OLS06,
  booktitle = "OLS '06",
    address = "Ottawa, Canada",
      month = jul,
       year = "2006",
}

@Proceedings{OOPSLA03,
  booktitle  = {OOPSLA '03},
  month      = oct,
  year       = "2003",
  address    = "Anaheim, CA",
}

@Proceedings{OSDI94,
  booktitle = "OSDI '94",
  address   = "Monterey, CA",
  month     = nov,
  year      = "1994",
}

@Proceedings{OSDI96,
  booktitle = "OSDI '96",
  address   = "Seattle, WA",
  month     = oct,
  year      = "1994",
}

@Proceedings{OSDI99,
  booktitle = "OSDI '99",
  address   = "New Orleans, LA",
  month     = feb,
  year      = 1999,
}

@Proceedings{OSDI00,
  booktitle = "OSDI '00",
  year = 2000,
  month = oct,
  address = "San Diego, CA",
}

@Proceedings{OSDI02,
  month = dec,
  year = "2002", 
  booktitle = "OSDI '02",
  address = "Boston, MA",
}

@Proceedings{OSDI04,
  month = dec,
  year = "2004",
  booktitle = "OSDI '04",
  address = "San Francisco, CA",
}

@Proceedings{OSDI06,
  month = nov,
  year = "2006",
  booktitle = "OSDI '06",
  address = "Seattle, WA",
}

@Proceedings{OSDI08,
  month = dec,
  year = "2008", 
  booktitle = "OSDI '08",
  address = "San Diego, CA",
}

@Proceedings{OSDI10,
  booktitle = "OSDI '10",
  month = dec,
  year = "2010", 
  address = "Vancouver, BC",
}


@Proceedings{PASTE01,
  booktitle = "PASTE '01",
  month     = jun,
  address   = "Snowbird, Utah",
  year      = "2001",
}

@Proceedings{PLDI02,
  booktitle = "PLDI '02",
  year      = "2002",
  month     = jun,
  address   = "Berlin, Germany",
}

@Proceedings{PLDI03,
  booktitle = "PLDI '03",
  year      = "2003",
  month     = jun,
  address   = "San Diego, CA",
}

@Proceedings{PLDI05,
  booktitle = "PLDI '05",
  year      = "2005",
  month     = jun,
  address   = "Chicago, IL",
}

@Proceedings{PLDI06,
  booktitle = "PLDI '06",
  year      = "2006",
  month     = jun,
  address   = "Ottawa, Canada",
}

@Proceedings{POPL07,
  booktitle = "POPL '07",
  year      = "2007",
  month     = jan,
  address   = "Nice, France",
}



@Proceedings{SC02,
  booktitle = "SC '02",
  month = nov,
  year  = 2002,
  address = "Baltimore, MD",
}

@Proceedings{SC99,
  booktitle = "Supercomputing '99",
  month     = nov,
  address   = "Portland, OR",
  year      = "1999",
}

@Proceedings{SIGCOMM99,
  booktitle = "SIGCOMM '99",
  month = aug,
  year = "1999",
  address = "Cambridge, MA",
}

@Proceedings{SIGCOMM01,
  booktitle = "SIGCOMM '01",
  address = "San Diego, CA",
  month = aug,
  year = "2001",
}

@Proceedings{SIGMETRICS87,
  booktitle = {SIGMETRICS '87},
  year = {1987},
  month = may,
  address = "Banff, Alberta",
}

@Proceedings{SIGMETRICS89,
  booktitle = {SIGMETRICS '89},
  year = {1989},
  month = {May},
  address = "Berkeley, CA",
}

@Proceedings{SIGMETRICS91,
  booktitle = {SIGMETRICS '91},
  year = {1991},
  month = may,
  address = "San Diego, CA",
}

@Proceedings{SIGMETRICS93,
  booktitle = "SIGMETRICS '93",
  address   = "Santa Clara, CA",
  month     = may,
  year      = "1993",
}

@Proceedings{SIGMETRICS95,
  booktitle = "SIGMETRICS '95",
  address   = "Ottawa, Canada",
  month     = may,
  year      = {1995},
}

@Proceedings{SIGMETRICS97,
   booktitle = "SIGMETRICS '97",
   address = "Seattle, WA",
   month = jun,
   year = 1997,
}

@Proceedings{SIGMETRICS98,
  booktitle = "SIGMETRICS '98",
  address   = "Madison, WI",
  month     = jun,
  year      = "1998",
}

@Proceedings{SIGMETRICS99,
  booktitle = "SIGMETRICS '99",
  address   = "Atlanta, GA",
  month     = may,
  year      = "1999",
}

@Proceedings{SIGMETRICS07,
  booktitle = "SIGMETRICS '07",
  address   = "San Diego, CA",
  month     = jun,
  year      = "2007",
}

@Proceedings{SIGMETRICS09,
  booktitle = "SIGMETRICS '09",
  address   = "Seattle, WA",
  month     = jun,
  year      = "2009",
}

@Proceedings{SIGMOD88,
  booktitle = {SIGMOD '88},
  address = {Chicago, IL},
  month = jun,
  year = {1988},
}

@Proceedings{SIGMOD93,
  booktitle =  "SIGMOD '93",
  address   = "Washington, DC",
  month     = may,
  year      = "1993",
}

@Proceedings{SIGMOD95,
  booktitle =  "SIGMOD '95",
  address   = "San Jose, CA",
  month     = jun,
  year      = "1995",
}

@Proceedings{SIGMOD02,
  booktitle =  "SIGMOD '02",
  address   = "Madison, WI",
  month     = jun,
  year      = "2002",
}

@Proceedings{SOSP73,
  booktitle = {SOSP '73},
  address =      "Yorktown Heights, NY",
  month =        oct,
  year =         "1973",
}

@Proceedings{SOSP75,
  booktitle = {SOSP '75},
  address =      "Austin, TX",
  month =        nov,
  year =         "1975",
}

@Proceedings{SOSP81,
  booktitle = {SOSP '81},
  month = dec,
  year = 1981,
  address = "Pacific Grove, CA",
}

@Proceedings{SOSP81-Short,
  booktitle = {SOSP '81},
  month = dec,
  year = 1981,
}

@Proceedings{SOSP83,
  booktitle =  "{SOSP '83}",
  month =        oct,
  year =         1983,
  address =      "Bretton Woods, NH",
}

@Proceedings{SOSP85,
  booktitle =  "SOSP '85",
  month =       dec,
  year =        1985,
  address =     "Orcas Island, WA",
}

@Proceedings{SOSP89,
  booktitle =  {SOSP '89},
  month =      dec,
  year =       "1989",
  address    = "Litchfield Park, AZ",
}


@Proceedings{SOSP87,
  booktitle =  {SOSP '87},
  month =      "November",
  year =       "1987",
  address    = "Austin, TX",
}

@Proceedings{SOSP87-Short,
  booktitle =  {SOSP '87},
  month =      "November",
  year =       "1987",
}

@Proceedings{SOSP91,
  booktitle  = {SOSP '91},
  address    = {Pacific Grove, CA},
  month      = oct, 
  year       = {1991},
}

@Proceedings{SOSP93,
  booktitle  = {SOSP '93},
  address    = {Asheville, NC},
  month      = dec, 
  year       = {1993},
}

@Proceedings{SOSP95,
  booktitle  = {SOSP '95},
  address    = {Copper Mountain, CO},
  month      = dec, 
  year       = {1995},
}

@Proceedings{SOSP95-Short,
  booktitle  = {SOSP '95},
  month      = dec, 
  year       = {1995},
}

@Proceedings{SOSP97,
  booktitle  = {SOSP '97},
  address    = {Saint-Malo, France},
  month      = oct, 
  year       = {1997},
}

@Proceedings{SOSP99,
  booktitle  = {SOSP '99},
  address    = {Kiawah Island Resort, SC},
  month      = dec, 
  year       = {1999},
}

@Proceedings{SOSP01,
  booktitle  = {SOSP '01},
  month      = oct,
  year       = "2001",
  address    = "Banff, Canada",
}

@Proceedings{SOSP03,
  booktitle  = {SOSP '03},
  month      = oct,
  year       = "2003",
  address    = "Bolton Landing, NY",
}

@Proceedings{SOSP05,
  booktitle  = {SOSP '05},
  month      = oct,
  year       = "2005",
  address    = "Brighton, UK",
}


@Proceedings{SOSP07,
  booktitle  = {SOSP '07},
  month      = oct,
  year       = "2007",
  address    = "Stevenson, WA",
}

@Proceedings{SOSP09,
  booktitle  = {SOSP '09},
  month      = oct,
  year       = "2009",
  address    = "Big Sky, MT",
}

@Proceedings{STOC97,
  booktitle  = {STOC '97},
  address    = "El Paso, TX",
  year       = "1997",
  month      = may,
}

@Proceedings{STORAGESS06,
  booktitle  = {StorageSS '06},
  month      = "November",
  year       = "2006",
  address    = "Alexandria, VA,"
}

@Proceedings{USENIX-SUMMER84,
  booktitle = 	 {USENIX Summer '84},
  month =        jun,
  year = 	 {1984},
  address = 	 {Salt Lake City, UT},
}

@Proceedings{USENIX-SUMMER86,
  booktitle = {USENIX Summer '86},
  month = jun,
  year = {1986},
  address = {Atlanta, GA},
}

@Proceedings{USENIX-WINTER89,
 BOOKTITLE  = {USENIX Winter '89},
    address = "San Diego, CA",
    month = jan,
    year = "1989",
}

@Proceedings{USENIX-WINTER90,
 BOOKTITLE  = {USENIX Winter '90},
    address = "Washington, DC",
    month = jan,
    year = "1990",
}

@Proceedings{USENIX-WINTER91,
  booktitle = {USENIX Winter '91},
  address   = {Dallas, Tx},
  month     = jan,
  year      = {1991},
}


@PROCEEDINGS{USENIX-WINTER92,
  BOOKTITLE  = {USENIX Winter '92},
  ADDRESS    = {San Francisco, CA},
  MONTH     = jan,
  YEAR      = {1992},
}

@PROCEEDINGS{USENIX-WINTER93,
  booktitle =    "USENIX Winter '93",
  year =         "1993",
  month =        jan,
  address =      "San Diego, CA",
}

@PROCEEDINGS{USENIX-WINTER94,
  booktitle =    "USENIX Winter '94",
  year =         "1994",
  month =        jan,
  address =      "San Francisco, CA",
}

@PROCEEDINGS{USENIX-SUMMER94,
  booktitle =    "USENIX Summer '94",
  address =      "Boston, MA",
  month =        jun,
  year =         "1994",
}

@PROCEEDINGS{USENIX95,
  booktitle = {USENIX 1995},
  year = {1995},
  month = jan,
  address = "New Orleans, LA",
}

@PROCEEDINGS{USENIX96,
  booktitle = {USENIX 1996},
  year = {1996},
  month = jan,
  address = "San Diego, CA",
}

@PROCEEDINGS{USENIX98,
  booktitle = {USENIX '98},
  year = {1998},
  month = jun,
  address = "New Orleans, LA",
}

@PROCEEDINGS{USENIX99,
  booktitle = {USENIX '99},
  year = 	 {1999},
  address = 	 {Monterey, CA},
  month = 	 {June},
}


@PROCEEDINGS{USENIX00,
  booktitle = "USENIX '00", 
  address   = "San Diego, CA", 
  month     = jun,
  year      = "2000",
}

@PROCEEDINGS{USENIX01,
  booktitle = {USENIX '01},
  month     = "June",
  year      = "2001",
  address   = "Boston, MA",
}

@PROCEEDINGS{USENIX02,
  booktitle = "USENIX '02",
  address   = "Monterey, CA",
  month     = jun,
  year      = "2002",
}

@PROCEEDINGS{USENIX03,
  booktitle = "USENIX '03",
  address   = "San Antonio, TX",
  month     = jun,
  year      = "2003",
}


@PROCEEDINGS{USENIX04,
  booktitle = {USENIX '04},
  month = jun,
  year = "2004",
  address = "Boston, MA",
}

@PROCEEDINGS{USENIX05,
  booktitle = {USENIX '05},
  month = apr,
  year = "2005",
  address = "Anaheim, CA",
}

@PROCEEDINGS{USENIX06,
  booktitle = {USENIX '06},
  month = jun,
  year = "2006",
  address = "Boston, MA",
}

@PROCEEDINGS{USENIX07,
  booktitle = {USENIX '07},
  month = "June",
  year = "2007",
  address = "Santa Clara, CA",
}

@PROCEEDINGS{USENIX08,
  booktitle = {USENIX '08},
  month = "June",
  year = "2008",
  address = "Boston, MA",
}

@PROCEEDINGS{USENIX09,
  booktitle = {USENIX '09},
  month = "June",
  year = "2009",
  address = "San Diego, CA",
}

@PROCEEDINGS{USENIX98-Secure,
  booktitle = {USENIX '98 Security},
  year = {1998},
  month = jan,
  address = "San Antonio, TX",
}

@Proceedings{USENIX-NT00,
  booktitle = "USENIX Windows",
  month = aug,
  year = "2000",
  address = "Seattle, WA",
}


@Proceedings{VLDB88,
  booktitle = {VLDB 14},
  year = {1988},
  address = "Los Angeles, CA",
  month = aug,
}

@Proceedings{VLDB90,
  booktitle = {VLDB 16},
  address = "Brisbane, Australia",
  month = aug,
  year = 1990,
}

@Proceedings{VLDB94,
  booktitle = "VLDB 20",
  address   = "Santiago, Chile",
  month     = sep,
  year      = "1994"
}

@Proceedings{VLDB16,
  booktitle = "VLDB 16",
  address = "Brisbane, Australia",
  month = aug,
  year = {1990},
}

@Proceedings{VLDB04,
  booktitle = "VLDB 30",
  address   = "Toronto, Canada",
  month     = sep,
  year      = {2004}, 
}

@proceedings{VMCAI04,
  booktitle = "VMCAI '04",
  month     = jan,
  address   = "Venice, Italy",
  year      = {2004},
}

@Proceedings{VSTTE05,
  booktitle = "VSTTE '05", 
  address = "Zurich, Switzerland", 
  month = oct,
  year = "2005",
}


@Proceedings{WDB02,
  booktitle = "WDB '02",
  month     = jun,
  year      = {2002},
  address   = {Washington, DC},
}

@Proceedings{WIAPP03,
  booktitle = "WIAPP '06",
  address   = "San Jose, CA",
  month     = jun,
  year      = 2003,
}

@Proceedings{WIOSCA06,
  booktitle = "WIOSCA '06",
  address   = "Boston, MA",
  month     = Jun,
  year      = 2006,
}

