%% FlashVM

@inproceedings{flashtier:eurosys12,
  author = {Mohit Saxena and Michael M. Swift and Yiying Zhang},
  title = {Flash{T}ier: A Lightweight, Consistent and Durable Storage Cache},
  booktitle = {EuroSys},
  year = "2012"
}

@inproceedings{flashvm:hotos09,
  author = {Mohit Saxena and Michael M. Swift},
  title = {Flash{VM}: {R}evisiting the {V}irtual {M}emory {H}ierarchy},
  booktitle = {HotOS-XII},
  year = "2009"
}

@inproceedings{flashvm:usenix10,
  author = {Mohit Saxena and Michael M. Swift},
  title = {Flash{VM}: {V}irtual {M}emory {M}anagement on {F}lash},
  booktitle = {Usenix ATC},
  year = "2010"
}

% hardware prototypes

@inproceedings{ocz:fms12slides,
  author = "{Robert Skyes, OCZ Technology}",
  title = {Critical Role of Firmware and Flash Translation Layers in Solid-State Drive Design},
  booktitle = {Flash Memory Summit},
  year = "2012"
}

@misc{samsung:K9LCG08U1M,
  author = {Samsung},
  note = {K9LCG08U1M NAND Flash Memory Chip}
}

@misc{samsung:K9PFG08U5M,
  author = {Samsung},
  note = {K9PFG08U5M NAND Flash Memory Chip}
}


@misc{url:openssd,
author = "{The OpenSSD Project}",
title = "{Indilinx Jasmine Platform}",
howpublished =
"\url{http://www.openssd-project.org/wiki/The_OpenSSD_Project}"
}

@misc{url:openssd-participants,
author = "{The OpenSSD Project}",
title = "{Participating Institutes}",
howpublished =
"\url{http://www.openssd-project.org/wiki/Jasmine_OpenSSD_Platform}"
}

@misc{vldblab:skku,
author = "{VLDB Lab}",
title = "{SKKU University, Korea}",
howpublished =
"\url{http://ldb.skku.ac.kr}"
}

@misc{embedded-systems-class:skku,
author = "{Computer Systems Laboratory, SKKU}",
title = "{Embedded Systems Design Class}",
howpublished =
"\url{http://csl.skku.edu/ICE3028S12/Overview}"
}


@inproceedings{msr:frp,
  author = {John D. Davis and Lintao Zhang},
  title = {{FRP}: a Nonvolatile Memory Research Platform Targeting NAND Flash},
  booktitle = {Workshop on Integrating Solid-state Memory into the Storage Hierarchy, ASPLOS},
  year = "2009"
}

@inproceedings{ucsd:ming,
  author = {Trevor Bunker and Michael Wei and Steven Swanson},
  title = {Ming {II}: A Flexible Platform for NAND Flash-based Research},
  booktitle = {UCSD TR CS2012-0978},
  year = "2012"
}

@inproceedings{ucsd:bluessd,
  author = {Sungjin Lee and Kermin Fleming and Jihoon Park and Keonsoo Ha and Adrian M. Caulfield and Steven Swanson and Arvind and and Jihong Kim},
  title = {Blue{SSD}: An Open Platform for Cross-layer Experiments for NAND Flash-based SSDs},
  booktitle = {Workshop on Architectural Research Prototyping},
  year = "2010"
}

@inproceedings{northeastern:usbstudy,
  author = {Simona Boboila and Peter Desnoyers},
  title = {Write Endurance in Flash Drives: Measurements and Analysis},
  booktitle = {FAST},
  year = "2010"
}

@inproceedings{ucsd:onyx,
  author = {Ameen Akel and Adrian M. Caulfield and Todor I. Mollov and Rajesh K. Gupta and Steven Swanson},
  title = {Onyx: A Protoype Phase-Change Memory Storage Array},
  booktitle = {HotStorage},
  year = "2011"
}

@inproceedings{ucsd:moneta,
  author = {Adrian M. Caulfield and Arup De and Joel Coburn and Todor I. Mollov and Rajesh K. Gupta and Steven Swanson},
  title = {Moneta: A High-Performance Storage Array Architecture for Next-Generation, Non-volatile Memories},
  booktitle = {IEEE Micro},
  year = "2010"
}

@inproceedings{flexfs:usenix09,
  author = {Lee, Sungjin and Ha, Keonsoo and Zhang, Kangwon and Kim, Jihong and Kim, Junghwan},
  title = {Flex{FS}: a flexible flash file system for MLC NAND flash memory},
  booktitle = {Usenix ATC},
  year = "2009"
}

% flash interfaces

@misc{url:fusion:appsdk,
author = "{Fusion-io Inc.}",
title = "{ioMemory Application SDK}",
howpublished =
"\url{http://www.fusionio.com/products/iomemorysdk}"
}



% flashcache papers

@inproceedings{tandem:groupcommit,
  author = {Pat Helland and Harald Sammer and Jim Lyon and Richard Carr and Phil Garrett},
  title = {Group Commit Timers and High-Volume Transaction Systems},
  booktitle = {Tandem TR 88.1},
  year = "1988"
}

@inproceedings{dusseau:cachepartitioning,
  author = {Brian C. Forney and Andrea C. Arpaci-Dusseau and Remzi H. Arpaci-Dusseau},
  title = {Storage-Aware Caching: Revisiting Caching for Heterogeneous Storage Systems},
  booktitle = {FAST},
  year = "2002"
}

@inproceedings{netapp:mercurycache,
  author = {Steve Byan and James Lentini and Luis Pabon and Christopher Small and Mark W. Storer},
  title = {Mercury: host-side flash caching for the datacenter},
  booktitle = {FAST Poster},
  year = "2011"
}

@inproceedings{netapp:mercury:msst12,
  author = {Steve Byan and James Lentini and Anshul Madan and Luis Pabon and Michael Condict and Jeff Kimmel and Steve Kleiman and Christopher Small and Mark W. Storer},
  title = {Mercury: host-side flash caching for the datacenter},
  booktitle = {MSST},
  year = "2012"
}

@misc{url:ahcispec,
author = "{Serial ATA}",
title = "{Advanced Host Controller Interface (AHCI) spec 1.3}",
howpublished =
"\url{http://www.intel.com/content/www/us/en/io/serial-ata/serial-ata-ahci-spec-rev1_3.html}"
}

@inproceedings{karma:fast07:multilevelcache,
  author = {Gala Yadgar and Michael Factor and Assaf Schuster},
  title = {Karma: Know-it-All Replacement for a Multilevel Cache},
  booktitle = {FAST},
  year = "2007"
}

@inproceedings{diffservices:sosp11,
  author = {Michael Mesnier and Jason B. Akers and Feng Chen and Tian Luo},
  title = {Differentiated Storage Services},
  booktitle = {SOSP},
  year = "2011"
}

@inproceedings{wilkes:exclusive:usenix02,
  author = {Theodore M. Wong and John Wilkes},
  title = {My cache or yours? {M}aking storage more exclusive},
  booktitle = {Usenix ATC},
  year = "2002"
}


@misc{url:fusionio:directCache,
author = "{Fusion-io Inc.}",
title = "{directCache}",
howpublished =
"\url{http://www.fusionio.com/data-sheets/directcache}"
}

@misc{url:fusionio:iodrive,
author = "{Fusion-io Inc.}",
title = "{ioDrive2}",
howpublished =
"\url{http://www.fusionio.com/products/iodrive2}"
}


@misc{url:emc:fast,
author="EMC",
title = "{Fully Automated Storage Tiering (FAST) Cache.}",
note = "\url{http://www.emc.com/about/glossary/fast-cache.htm}"
}

@misc{url:netapp:flashcache,
author="{NetApp Inc.}",
title = "{Flash Cache for Enterprise.}",
note = "\url{http://www.netapp.com/us/products/storage-systems/flash-cache}"
}

@misc{url:ocz:synapse,
author="{OCZ Technologies}",
title = "{Synapse Cache SSD.}",
howpublished = "\url{http://www.ocztechnology.com/ocz-synapse-cache-sata-iii-2-5-ssd.html}"
}


@misc{url:hpsupercap,
title = "{HP smart-array flash-backed write cache with super-cap.}",
note = "\url{http://h20000.www2.hp.com/bc/docs/support/SupportManual/c02231971/c02231971.pdf}"
}

@inproceedings{idf:sf11_ssds001_102f.pdf,
  author = {Steve Wells and Tahmid Rahman},
  title = {Optimizing Solid-State Drive (SSD) Performance for Data Center Applications},
  booktitle = {Intel Developer Forum},
  year = "2011"
}

@misc{url:facebookfc,
author = "{Facebook Inc.}",
title = "{Facebook FlashCache}",
note = "\url{https://github.com/facebook/flashcache}"
}

@misc{url:facebooktimeline,
author = "{Ryan Mack}",
title = "{Building Facebook Timeline: Scaling up to hold your life story.}",
note = "\url{http://www.facebook.com/note.php?note_id=10150468255628920}"
}

@misc{url:googlesparsehashmap,
author = "{Google Inc.}",
title = "{Google Sparse Hash}",
note = "\url{http://goog-sparsehash.sourceforge.net}"
}

@inproceedings{diffraid:eurosys10,
  author = {Mahesh Balakrishnan and Asim Kadav and Vijayan Prabhakaran and Dahlia Malkhi},
  title = {Differential RAID: Rethinking RAID for SSD Reliability},
  booktitle = {Eurosys},
  year = "2010"
}

@inproceedings{intelidf10:cacheendurance,
  author = {Scott Doyle and Ashok Narayan},
  title = {Enterprise Solid State Drive Endurance},
  booktitle = {Intel IDF},
  year = "2010"
}

@inproceedings{riska:iiswc09,
  author = {Alma Riska and Erik Riedel},
  title = {Evaluation of Disk-level Workloads at Different Time-scales},
  booktitle = {IISWC},
  year = "2009"
}

@inproceedings{ssdalloc:nsdi11,
  author = {Anirudh Badam and Vivek S. Pai},
  title = {SSDAlloc: Hybrid SSD/RAM Memory Management Made Easy},
  booktitle = {NSDI},
  year = "2011"
}

@inproceedings{depletable:hotstorage10,
  author = {Vijayan Prabhakaran and Mahesh Balakrishnan and John D. Davis and Ted Wobber},
  title = {Depletable Storage Systems},
  booktitle = {HotStorage},
  year = "2011"
}

@inproceedings{dfs:fusionio,
  author = {William K. Josephson and Lars A. Bongo and David Flynn and Kai Li},
  title = {{DFS}: a File System for Virtualized Flash Storage},
  booktitle = {FAST},
  year = "2010"
}

@inproceedings{dedup:fast10,
  author = {Ricardo Koller and Raju Rangaswami},
  title = {{I/O} Deduplication: Utilizing Content Similarity to Improve {I/O} Performance},
  booktitle = {FAST},
  year = "2010"
}

@inproceedings{locality:fast11,
  author = {Aayush Gupta and Raghav Pisolkar and Bhuvan Urgaonkar and Anand Sivasubramaniam},
  title = {Leveraging Value Locality in Optimizing NAND Flash-based SSDs},
  booktitle = {FAST},
  year = "2011"
}

@inproceedings{caftl:fast11,
  title = "{CAFTL}: A Content-Aware Flash Translation Layer Enhancing the Lifespan of Flash Memory based Solid State Drives",
  author = "Feng Chen and Tian Luo and Xiaodong Zhang",
  booktitle = "{FAST}",
  year = "2011",
}

% flash - reliability

@inproceedings{nameless:hotstorage10,
  author = {Andrea C. Arpaci-Dusseau and Remzi H. Arpaci-Dusseau and Vijayan Prabhakaran},
  title = {Removing the Costs of Indirection in Flash-based SSDs with Nameless Writes},
  booktitle = {HotStorage},
  year = "2010"
}

@inproceedings{ber:intelpaper,
  author = {N. Mielke and T. Marquart and J. Ning Wu Kessenich and H. Belgal and E. Schares and F. Trivedi and E. Goodness and E. Nevill and L.R.},
  title = {Bit Error Rate in NAND Flash Memories},
  booktitle = {IEEE IRPS},
  year = "2008"
}

@inproceedings{netappsprez:hpts09,
  author = {Steve Kleiman},
  title = {Flash on compute servers, Netapp Inc.},
  booktitle = {HPTS},
  year = "2009"
}

@misc{pcomm:mlord,
author="Mark Lord",
title = "{Author, Linux IDE Subsystem, Personal Communication.}",
note = "December, 2009"
}

@inproceedings{compiler:fvm,
 author = {Park, Chanik and Lim, Junghee and Kwon, Kiwon and Lee, Jaejin and Min, Sang Lyul},
 title = {Compiler-assisted demand paging for embedded systems with flash memory},
 booktitle = {EMSOFT},
 year = {2004}
}



@inproceedings{compcache:tuduce,
  author = {Irina Chihaia Tuduce and Thomas Gross},
  title = {Adaptive Main Memory Compression.},
  booktitle = {USENIX},
  year = "2005"
}

@inproceedings{compcache:kaplan,
  author = {Paul R. Wilson and Scott F. Kaplan and Yannis Smaragdakis},
  title = {The Case for Compressed Caching in Virtual Memory Systems.},
  booktitle = {USENIX},
  year = "1999"
}

@inproceedings{sunprez:hpts09,
  author = {Andy Bechtolsheim},
  title = {Memory Technologies for Data Intensive Computing, Sun Microsystems},
  booktitle = {HPTS},
  year = "2009"
}

@inproceedings{damon:cfdc,
  author = {Yi Qu and Theo Harder and Peiquan Jin},
  title = {CFDC: a flash-aware replacement policy for database buffer management},
  booktitle = {ACM DaMoN Workshop, SIGMOD},
  year = "2009"
}

@inproceedings{abhi:usenix09,
  author = {Abhishek Rajimwale and Vijayan Prabhakaran and John D. Davis},
  title = {Block Management in Solid-State Devices},
  booktitle = {USENIX},
  year = "2009"
}

@inproceedings{gibson:wish,
  author = {Milo Polte and Jiri Simsa and Garth Gibson},
  title = {Enabling Enterprise Solid State Disks Performance},
  booktitle = {WISH},
  year = "2009"
}


@inproceedings{sigmetrics09:flash,
  author = {Feng Chen and David A. Koufaty and Xiaodong Zhang},
  title = {Understanding intrinsic characteristics and system implications of flash memory based solid state drives},
  booktitle = {SIGMETRICS},
  year = "2009"
}

@inproceedings{hotos09:mogul,
  author = {Jeffrey C. Mogul and Eduardo Argollo and Mehul Shah and Paolo Faraboschi},
  title = {Operating System support for NVM+DRAM Hybrid Main Memory},
  booktitle = {HotOS},
  year = "2009"
}

@inproceedings{sosp09:bpfs,
  author = {Jeremy Condit and Edmund B. Nightingale and Christopher Frost and Engin Ipek and Doug Burger and Benjamin C. Lee and Derrick Coetzee},
  title = {Better I/O through Byte-Addressable, Persistent Memory},
  booktitle = {SOSP},
  year = "2009"
}

@misc{url:intel300ssd,
author="{Intel Corp.}",
title = "{Intel 300 series SSD.}",
note = "\url{http://ark.intel.com/products/family/56542/Intel-SSD-300-Family}"
}

@misc{url:oczvertex3,
author="{OCZ Technologies.}",
title = "{Vertex 3 SSD.}",
howpublished = "\url{http://www.ocztechnology.com/ocz-vertex-3-sata-iii-2-5-ssd.html}"
}

@misc{url:intel34nm:trim,
author="{Intel Corp.}",
title = "{Trim Support: Intel X-25M 34nm SSD.}",
note = "\url{http://www.intel.com/pressroom/archive/releases/20090721comp.htm}"
}

@inproceedings{kvmforum:kvmmmu,
author="Andrea Arcangeli",
title = "{Integrating KVM with the Linux memory management.}",
booktitle={KVM Forum},
year= "2008"
}

@misc{url:chrome:memory,
author="Dotnetperls.com",
title = "{Memory benchmark for Web Browsers.}",
note = "\url{http://dotnetperls.com/chrome-memory}",
month="December",
year ="2009"
}

@misc{url:wiper-windows7,
author="MSDN-Blog",
title = "{Windows 7: Trim Support for SSDs.}",
note = "\url{http://blogs.msdn.com/e7/archive/2009/05/05/support-and-q-a-for-solid-state-drives-and.aspx}"
}

@misc{url:objectiveanalysis:pram,
author="Objective-Analysis.com",
title = "{White Paper: PCM becomes a reality.}",
month = aug,
year = "2009",
note = "\url{http://www.objective-analysis.com/uploads/2009-08-03_Objective_Analysis_PCM_White_Paper.pdf}"
}


@misc{url:mtdblock:infradead,
author="Linux-MTD",
title = "{Linux Infradead: Memory Technology Device Support.}",
note = "\url{http://www.linux-mtd.infradead.org/faq/general.html}"
}

@misc{url:f5100:sunonline,
author="Sun-Online",
title = "{Sun Storage F5100 Flash Array.}",
note = "\url{http://www.sun.com/F5100}"
}

@misc{url:compcache,
author="Nitin Gupta",
title = "{Main memory compressed cache.}",
note = "\url{http://code.google.com/p/compcache}"
}

@misc{url:scsi-generic,
author="Linux-Documentation",
title = "{SCSI Generic Driver Interface.}",
note = "\url{http://tldp.org/HOWTO/SCSI-Generic-HOWTO}"
}

@misc{url:hdparm,
author="Mark Lord",
title = "{hdparm 9.27: get/set hard disk parameters.}",
note = "\url{http://linux.die.net/man/8/hdparm}"
}

@misc{url:intelbraidwood,
author="CNet-News",
title = "{Intel 'BraidWood' chip targets snappier software.}",
note = "\url{http://news.cnet.com/8301-13924_3-10258748-64.html}"
}

@misc{url:spin,
author="Spin",
title = "{LTL Model Checker, Bell Labs.}",
note = "\url{http://spinroot.com}"
}

@misc{url:memcached,
author="memcached",
title = "{High-performance Memory Object Cache.}",
note = "\url{http://www.danga.com/memcached}"
}

@misc{url:gear6:flashmemcachedstartup,
author="Gear6",
title = "{Scalable hybrid memcached solutions.}",
note = "\url{http://www.gear6.com}"
}

% VM papers

@inproceedings{zfs:ssdpaper,
  author = {Roger Bitar},
  title = {Deploying Hybrid Storage Pools},
  booktitle = {Sun Blueprints Online},
  year = "2008"
}

@inproceedings{osf:vm,
  author = {David Black and Jeff Carter and George Feinberg and Rod MacDonald and Shashi Mangalat and Eric Shienbrood and Jim Van Sciver and Ping Wang},
  title = {OSF/1 Virtual Memory Improvements},
  booktitle = {USENIX Mach Symposium},
  year = "1991"
}

@inproceedings{kaplan:prepaging,
  author = {Scott F. Kaplan and Lyle A. McGeoch and Megan F. Cole},
  title = {Adaptive Caching for Demand Prepaging},
  booktitle = {ISMM},
  year = "2002"
}

@inproceedings{arc:fast03,
  author = {Nimrod Megiddo and Dharmendra S. Modha},
  title = {ARC: A Self-Tuning, Low Overhead Replacement Cache},
  booktitle = {USENIX FAST},
  year = "2003"
}

@inproceedings{power:pavm:shin,
  author = {Hai Huang and Padmanabhan Pillai and Kang G. Shin},
  title =  {Design and Implementation of Power-Aware Virtual Memory},
  booktitle = {USENIX},
  year = "2003"
}

@inproceedings{kaplan:compcache,
  author = {Paul R. Wilson and Scott F. Kaplan and Yannis Smaragdakis},
  title =  {The Case for Compressed Caching in Virtual Memory Systems},
  booktitle = {USENIX},
  year = "1999"
}

@inproceedings{cramm:osdi06,
  author = {Ting Yang and Emery D. Berger and Scott F. Kaplan and J. Eliot B. Moss},
  title =  {CRAMM: Virtual Memory Support for Garbage-collected Applications},
  booktitle = {OSDI},
  year = "2006"
}

% memory reference traces

@inproceedings{hmtt:memorytracing,
  author = "Yungang Bao and Mingyu Chen and Yuan Ruan and Li Liu and Jianping Fan and Qingbo Yuan and Bo Song and Jianwei Xu",
  title = "HMTT: A Platform Independent Full-System Memory Trace Monitoring System",
  booktitle = "SIGMETRICS",
  year = "2008"
}

% power and flash

@inproceedings{power:warehouse:isca07,
  author = "X. Fan and W.-D. Weber and L. A. Barroso",
  title = "Power Provisioning for a Warehouse-sized Computer",
  booktitle = "ISCA",
  year = "2007"
}

@inproceedings{flashcache:trevormudge,
  author = {T. Kgil and Trevor N. Mudge},
  title = {FlashCache: A NAND flash memory file cache for low power web servers},
  booktitle = {CASES},
  year = "2006"
}

@inproceedings{mehul:joulesort,
  author = {S. Rivoire and Mehul A. Shah and P. Ranganathan and C. Kozyrakis},
  title = {Joulesort: a balanced energy-efficiency benchmark},
  booktitle = {SIGMOD},
  year = "2007"
}

@inproceedings{mehul:energymetrics,
  author = {S. Rivoire and Mehul A. Shah and P. Ranganathan and C. Kozyrakis and J. Meza},
  title = {Models and metrics to enable energy-efficiency optimizations},
  booktitle = {IEEE Computer},
  year = "2007"
}

% 736 warmup project: Filesystem

@misc{redhat:pagecache,
title = "{PageCache settings.}",
note = "\url{http://kbase.redhat.com/faq/FAQ_79_3899.shtm}"
}

@misc{url:redhat:deadline,
author="Redhat-Manual",
title = "{Deadline Disk Scheduler}",
note = "\url{http://www.redhat.com/docs/wp/performancetuning/iotuning/iosubsystem-scheduler-deadline.html}"
}

@misc{url:hrtimers,
author="hrtimers",
title = "{Linux High-Resolution Timer Subsystem.}",
note = "\url{http://www.tglx.de/hrtimers.html}"
}

@misc{url:fusionio:ioextreme,
author = "{Fusion-io Inc.}",
title = "{ioXtreme PCI-e SSD Datasheet}",
howpublished = "\url{http://www.fusionio.com/ioxtreme/PDFs/ioXtremeDS_v.9.pdf}"
}

@misc{url:moores,
title = "{NYTimes: Counting Down to the End of Moore's Law, May 2009.}",
note = "\url{http://tinyurl.com/o2nz2j}"
}

@misc{url:cstore,
title = "{C-Store: A Column-Oriented Database.}",
note = "\url{http://db.csail.mit.edu/projects/cstore}"
}

@misc{url:man:sysfs,
title = "{Linux sysfs Virtual File System}",
note = "\url{http://linux.die.net/man/2/sysfs}"
}

@misc{url:libpapi,
title = "{libpapi: Performance Application Programming Interface.}",
note = "\url{http://icl.cs.utk.edu/papi}"
}

@misc{url:tpch,
title = "{TPC-H Toolkit.}",
note = "\url{http://www.tpc.org/tpch}"
}

@misc{url:kerneltrap:swappiness,
author="KernelTrap",
title = "{Linux Virtual Memory: Tuning Swappiness.}",
note = "\url{http://kerneltrap.org/node/3000}"
}

@misc{hdparm,
title = "{Linux hdparm man page.}",
note = "\url{http://linux.die.net/man/8/hdparm}"
}

@misc{cpufrequtils,
title = "{CPU frequency utilities (cpufreq-utils).}",
note = "\url{http://www.kernel.org/pub/linux/utils/kernel/cpufreq/cpufreq-set.html}"
}

@misc{linuxvmmgmt,
title = "{Linux Virtual Memory Management.}",
note = "\url{http://gentoo-wiki.com/FAQ_Linux_Memory_Management}"
}

@inproceedings{planetlab:gettimeofday,
  author = "Neil Spring and Larry Peterson and Andy Bavier and Vivek Pai",
  title = "Using PlanetLab for Network Research: Myths, Realities, and Best Practices.",
  booktitle = "ACM SIGOPS Operating Systems Review"
}

% Persistent Memory

@inproceedings{wu:eNVy:asplos94,
  author = "Michael Wu and Willy Zwaenepoel",
  title = "e{NV}y: A Non-Volatile, Main Memory Storage System",
  booktitle = "ASPLOS-VI",
  year = "1994"
}

@inproceedings{google:chubby:osdi06,
  author = "Mike Burrows",
  title = "The Chubby lock service for loosely-coupled distributed systems",
  booktitle = "OSDI",
  year = "2006"
}

@inproceedings{nitin:ssd:usenix08,
  author = "Nitin Agrawal and Vijayan Prabhakaran and Ted Wobber and John Davis and Mark Manasse and Rina Panigrahy",
  title = "Design Tradeoffs for SSD Performance",
  booktitle = "USENIX",
  year = "2008"
}

@inproceedings{gal:algorithms,
  author = "Eran Gal and Sivan Toledo",
  title = "Algorithms and Data Structures for Flash Memories",
  booktitle = "ACM Computing Surveys",
  year = "2005"
}

@misc{intel:ftl,
  author = "{Intel Corp.}",
  title = "Understanding the Flash Translation Layer (FTL) specification",
  note = "Application Note AP-684",
  year = "1998",
  month = dec,
}

@misc{intel:ssd:datasheet:new,
  author = "Intel",
  title = "X-25 {M}ainstream {SSD} Product Brief",
  note = "\url{http://download.intel.com/design/flash/nand/322208.pdf}",
 month = may,
  year= "2009",
}

@misc{intel:ssd:datasheet,
  author = "Intel",
  title = "X-25 Mainstream SSD Datasheet",
  note = "\url{http://download.intel.com/design/flash/nand/mainstream/mainstream-sata-ssd-datasheet.pdf}",
 month = may,
  year= "2009",
}

@inproceedings{satya:lrvm,
  author = "M. Satyanarayanan and Henry Mashburn and Puneet Kumar and David Steere and James Kistler",
  title = "Lightweight Recoverable Virtual Memory",
  booktitle = "ACM Transactions on Computer Systems",
  year = "1994"
}

@inproceedings{lowell:riovista:sosp97,
  author = "David Lowell and Peter Chen",
  title = "Free Transactions with Rio Vista",
  booktitle = "SOSP",
  year = "1997"
}

@inproceedings{vijayan:txflash:osdi08,
  author = "Vijayan Prabhakaran and Thomas Rodeheffer and Lidong Zhou",
  title = "Transactional Flash",
  booktitle = "OSDI",
  year = "2008"
}

@inproceedings{cheriton:lvm,
  author = "David Cheriton and Kenneth Duda",
  title = "Logged Virtual Memory",
  booktitle = "SOSP",
  year = "1995"
}

@inproceedings{corey:osdi08,
  author = "Silas Boyd-Wickizer et. al",
  title = "Corey: An Operating System for many cores",
  booktitle = "OSDI",
  year = "2008"
}

@inproceedings{diffengine:osdi08,
  author = "Diwaker Gupta and Sangmin Lee and Michael Vrable and Stefan Savage and Alex C. Snoeren and George Varghese and Geoffrey M. Voelker and Amin Vahdat",
  title = "Difference Engine: Harnessing Memory Redundancy in Virtual Machines",
  booktitle = "OSDI",
  year = "2008"
}

@misc{sata:trimproposal,
author="Frank Shu and Nathan Obr",
title = "{Data Set Management Commands Proposal for ATA8-ACS2}",
note = "\url{http://t13.org/Documents/UploadedDocuments/docs2008/e07154r6-Data_Set_Management_Proposal_for_ATA-ACS2.doc}",
year = "2007"
}


@inproceedings{threadmgmt:anderson,
  author = "Tom Anderson and Edward Lazowska and Henry Levy",
  title = "The Performance Implications of Thread Management Alternatives for Shared-Memory Multiprocessors",
  booktitle = "IEEE Transactions on Computers",
  volume = "38",
  number = "12",
  month = dec,
  year = "1989"

}

@misc{microsoft:readyboost,
author="Tom Archer",
title = "{MSDN Blog: Microsoft ReadyBoost.}",
note = "\url{http://blogs.msdn.com/tomarcher/archive/2006/06/02/615199.aspx}",
year = "2006",
}

@misc{microsoft:readydrive,
author="Wikipedia",
title = "{Microsoft ReadyDrive.}",
note = "\url{http://en.wikipedia.org/wiki/Windows_Vista_I/O_technologies#ReadyDrive}"
}

@misc{solaris:l2arc,
author="Brendan Gregg",
title = "{Sun Blog: Solaris L2ARC Cache.}",
note = "\url{http://blogs.sun.com/brendan/entry/test}",
year= "2008",
 month = jul,
}

@misc{redhat:linuxswap,
author="Redhat-Manual",
title = "{Linux Swap Space}",
note = "\url{http://tinyurl.com/yhuawvv}"
}

@misc{url:ssdreview,
author = "{SSD-Reviews.com}",
title = "{Solid State Device review.}",
note = "\url{http://ssd-reviews.com}"
}

%\url{http://www.informationweek.com/news/storage/portable/showArticle.jhtml?articleID=212701499&subSection=All+Stories}"
@misc{url:sandisk,
author = "{InformationWeek}",
title = "{Sandisk Flash Devices.}",
note = "\url{http://tinyurl.com/dhebrr}"
}

@misc{url:micron:pciessd,
author = "{tgdaily}",
title = "{Micron PCIe SSD.}",
note = "\url{http://www.tgdaily.com/content/view/40359/135}"
}

@misc{url:samsung:ssd,
author = "{Tom's Hardware Guide}",
title = "{Samsung FlashSSD}",
note = "\url{http://www.tomshardware.com/news/Samsung-256GB-SSD,6628.html}"
}

@misc{benchmarks:tpc,
title = "{TPC benchmarks.}",
note = "\url{http://www.tpc.org/default.asp}"
}

@misc{benchmarks:lmbench,
title = "{lmbench - Tools for Performance Analysis.}",
note = "\url{http://www.bitmover.com/lmbench}"
}

@misc{benchmarks:postmark,
title = "{PostMark Filesystem Benchmark.}",
note = "\url{http://www.netapp.com/tech_library/3022.html}"
}

@misc{imagemagick,
title = "{ImageMagick.}",
note = "\url{http://www.imagemagick.org}"
}

@misc{fftw,
title = "{FFTW Library.}",
note = "\url{http://www.fftw.org}"
}

@inproceedings{conquest:usenix02,
  author = "An-I Andy Wang and Geoffrey H. Kuenning and Peter Reiher and Gerald J. Popek",
  title = "Conquest: Better Performance Through a Disk/Persistent-RAM Hybrid File System",
  booktitle = "USENIX",
  year = "2002"
}

@inproceedings{optimization:bruce,
  author = "Bruce Jacob",
  title = "Optimization of Mass Storage Hierarchies",
  booktitle = "Tech Report CSE-TR-228-95",
  year = "1994"
}

@inproceedings{swapcomp:cervera,
  author = "R. Cervera and T. Cortes and Y. Becerra",
  title = "Improving Application Performance through Swap Compression",
  booktitle = "FREENIX",
  year = "1999"
}

@inproceedings{swapcomp:cortes,
  author = "T. Cortes and Y. Becerra and R. Cervera",
  title = "Swap Compression: Resurrecting Old Ideas",
  booktitle = "SPE",
  year = "2000"
}

@inproceedings{swapcompflash:park,
  author = "Sangduck Park and Hyunjin Lim and Hoseok Chang and Wonyong Sung",
  title = "Compressed Swapping for NAND Flash Memory Based Embedded Systems",
  booktitle = "SAMOS",
  year = "2005"
}

@inproceedings{fass:jung,
  author = "Dawoon Jung and Jin-Soo Kim and Seon-Yeong Park and Jeong-Uk Park and Joonwon Lee",
  title = "FASS: A Flash-Aware Swap System",
  booktitle = "IWSSPS",
  year = "2005"
}

@inproceedings{cflru:park,
  author = "{Seon-yeong} Park and Dawoon Jung and {Jeong-uk} Kang and {Jin-soo} Kim and Joonwoon Lee",
  title = "{CFLRU}: A Replacement Algorithm for Flash Memory",
  booktitle = "CASES",
  year = "2006"
}

@inproceedings{energyswap:li,
  author = "Han-Lin Li and Chia-Lin Yang and Hung-Wei Tseng",
  title = "Energy-aware flash memory management in virtual memory system",
  booktitle = "IEEE Transactions on VLSI systems",
  year = "2008"
}

@inproceedings{newflashswap:ko,
  author = "Sohyang Ko and Seonsoo Jun and Yeonseung Ryu and Ohhoon Kwon and Kern Koh",
  title = "A New Linux Swap System for Flash Memory Storage Devices",
  booktitle = "ICCSA",
  year = "2008"
}

@inproceedings{traces:kaplan,
  author = "Scott F. Kaplan",
  title = "Collecting Whole-System Reference Traces Multiprogrammed and Multithreaded Workloads",
  booktitle = "WOSP",
  year = "2004"
}

@inproceedings{blklayer:riska,
  author = "Alma Riska and James Larkby Lahet and Erik Reidel",
  title = "Evaluating Block-level Optimization through the IO Path",
  booktitle = "USENIX",
  year = "2007"
}

@inproceedings{rangewrites:anand,
  author = "Ashok Anand and Sayandeep Sen and Andrew Krioukov and Florentia Popovici and Aditya Akella and Andrea Arpaci-Dusseau and Remzi Arpaci-Dusseau and Suman Banerjee",
  title = "Avoiding File System Micromanagement with Range Writes",
  booktitle = "OSDI",
  year = "2008"
}

@misc{blktrace,
title = "{Linux blktrace}",
note = "\url{http://git.kernel.org/?p=linux/kernel/git/axboe/blktrace.git;a=blob;f=README}"
}

@book{book:ulk,
  author = "Daniel P. Bovet and Marco Cesati",
  title = "{Understanding the {Linux} Kernel, Third Edition}",
  year = "2005",
  publisher = "O'Reilly Media, Inc.",
}

@inproceedings{book:uvmm,
  author = "Mel Gorman",
  title = "Understanding the Linux Virtual Memory Manager",
  booktitle = "First Edition",
  year = "2004"
}

@inproceedings{bplru:kim,
  author = "Hyojun Kim and Seongjun Ahn",
  title = "BPLRU: A Buffer Management Scheme for Improving Random Writes in Flash Storage",
  booktitle = "USENIX FAST",
  year = "2008"
}

@article{lfs:rosenblum,
  author = "Mendel Rosenblum and John K. Ousterhout",
  title = "The design and implementation of a log-structured file system",
  journal = "ACM Transactions on Computer Systems",
  volume = "10",
  number = "1",
  year = "1992"
}

@inproceedings{hybrid:bisson,
  author = "Timothy Bisson",
  title = "Reducing Hybrid Disk Write Latency with Flash-Backed IO Requests",
  booktitle = "MASCOTS",
  year = "2007"
}

@inproceedings{flashdb:nath,
  author = "Suman Nath and Aman Kansal",
  title = "FlashDB: Dynamic Self-Tuning Database for NAND Flash",
  booktitle = "IPSN",
  year = "2007"
}

@inproceedings{onlineflash:nath,
  author = "Suman Nath and Phillip B. Gibbons",
  title = "Online Maintenance of Very Large Random Samples on Flash Storage",
  booktitle = "VLDB",
  year = "2008"
}

@inproceedings{fiveminuterule:graefe,
  author = "Goetz Graefe",
  title = "The five-minute rule twenty years later, and how flash changes the rule",
  booktitle = "SIGMOD Intl. Workshop on Data Management on New Hardware",
  year = "2007"
}

@ARTICLE{flashpublic:jimgray,
  author = "Jim Gray and Bob Fitzgerald",
  title = "Flash Disk Opportunity for Server-Applications",
  journal = "ACM Queue",
  volume = "6",
  number = "4",
  year = "2008",
  month = jul,
}

@misc{mft:dumitru,
title = "{MFT: Understanding Flash SSD Performance}",
author = "Douglas Dumitru",
note = "\url{http://www.easyco.com/zx1291162824061754824/mft/understanding/index.htm}"
}



@inproceedings{diskdriver:riska,
  author = "Alma Riska and Erik Riedel",
  title = "Disk Driver Workload Characterization",
  booktitle = "USENIX",
  year = "2006"
}

@inproceedings{swapremote:liang,
  author = "Shuang Liang and Ranjit Noronha and Dhabaleswar K. Panda",
  title = "Swapping to Remote Memory over InfiniBand: An Approach using High Performance Network Block Device",
  booktitle = "CLUSTER",
  year = "2005"
}

@inproceedings{anemone:hines,
  author = "Michael R. Hines and Jian Wang and Mark Lewandowski and Karthik Gopalan",
  title = "Fast Transparent Cluster-Wide Paging",
  booktitle = "USENIX",
  year = "2006"
}

@inproceedings{remotememory:markatos,
  author = "Evangelos P. Markatos and George Dramitinos",
  title = "Implementation of a Reliable Remote Memory Pager",
  booktitle = "USENIX",
  year = "1996"
}

@inproceedings{anticipatory:iyer,
  author = "Sitaram Iyer and Peter Druschel",
  title = "Anticipatory Scheduling: A disk scheduling framework to overcome deceptive idleness in synchronous {IO}",
  booktitle = "SOSP",
  year = "2001"
}

@inproceedings{traxtents:schindler,
  author = "Jiri Schindler and John Linwood Griffin and Christpher R. Lumb and Gregory R. Ganger",
  title = "Track-aligned Extents: Matching Access Patterns to Disk Drive Characteristics",
  booktitle = "USENIX FAST",
  year = "2002"
}

@inproceedings{vmaccess:hatfield,
  author = "D. J. Hatfield",
  title = "Experiments on Page Size, Program Access Patterns, and Virtual Memory Performance",
  booktitle = "IBM Journal of Research and Development",
  year = "1972"
}

@inproceedings{encrypt:provos,
  author = "Niels Provos",
  title = "Encrypting Virtual Memory",
  booktitle = "USENIX Security Symposium",
  year = "2000"
}

@inproceedings{memx:hines,
  author = "Michael R. Hines and Kartik Gopalan",
  title = "MemX: Supporting Large Memory Workloads in Xen Virtual Machines",
  booktitle = "Third Workshop on Virtualization technology in Distributed Computing",
  year = "2007"
}

@inproceedings{blueprint:sun,
  author = "Om Narasimhan",
  title = "Optimizing Systems to use Flash Memory as a Hard Drive replacement",
  booktitle = "Sun BluePrints Online",
  year = "2008"
}

@inproceedings{shriver:prefetching,
  author = "Elizabeth Shriver and Christopher Small and Keith A. Smith",
  title = "Why does File System Prefetching Work?",
  booktitle = "USENIX",
  year = "1999"
}

@article{dijkstra:the:cacm:1968,
  author = "Edsger W. Dijkstra",
  title = "The Structure of the THE-Multiprogramming System",
  journal = "Communications of the ACM ",
  volume = "11",
  number = "5",
  month = may,
  year = "1968"
}

@article{levy:vms-memmgmt,
  author = "Henry M Levy and Peter H Lipman",
  title = "Virtual memory management in the {VAX/VMS} operating system",
  journal = "Computer",
  volume = "15",
  number = "3",
  pages = "35--41",
  year = "1982"
}

@book{book:windows,
  author = "Mark E. Russinovich and David A. Solomon",
  title = "{Microsoft Windows Internals, Fourth Edition}",
  publisher = "Microsoft Press",
  year = "2005"
}

@book{book:solaris,
  author = "Richard McDougall and Jim Mauro",
  title = "{Solaris Internals: Solaris 10 and OpenSolaris Kernel Architecture, Second Edition}",
  publisher = "Prentice Hall PTR",
  year = "2006"
}

%note="\url{http://www.eetimes.com/news/semi/showArticle.jhtml?articleID=212700554}",
@misc{eetimes:dramprices,
author="{EE Times}",
note="\url{http://tinyurl.com/c9nevk}",
month = jan,
 year = "2009",
}

@misc{url:dansdata,
author = "{Dan's Data}",
title="{Using flash-swap in Windows Vista}",
note="\url{http://dansdata.com/flashswap.htm}"
}


@article{nilfs:paper,
  author = "Ryusuke Konishi and Yoshiji Amagai and Koji Sato and Hisashi Hifumi and Seiji Kihara and Satoshi Moriai",
  title = "The Linux Implementation of a log-structured file system",
  journal = "ACM SIGOPS Operating Systems Review",
  volume = "40",
  number = "3",
  month = jul,
  year = "2006"
}

@misc{msoft:cort559,
  author = "David Walp",
  title = "System Integrated Flash Storage",
  booktitle = "Microsoft WinHec presentation",
  year = "2008"
}

%\url{http://research.microsoft.com/en-us/um/people/gray/talks/flash_is_good.ppt}",
@misc{gray:flash-talk,
  author = "Jim Gray",
  title = "Tape is Dead, Disk is Tape, Flash is Disk, RAM locality is King",
  note="\url{http://tinyurl.com/d2enxp}",
  year="2006",
  month = dec,
}

@article{sun-article:cacm,
  author = "Adam Leventhal",
  title = "Flash Storage Today",
  journal = "Communications of the ACM",
  volume = "51",
  number = "7",
  month = july,
  year = "2008"
}

@inproceedings{dnarayan:eurosys09,
  author = {Narayanan,, Dushyanth and Thereska,, Eno and Donnelly,, Austin and Elnikety,, Sameh and Rowstron,, Antony},
  title = {Migrating server storage to SSDs: Analysis of tradeoffs},
  booktitle = {EuroSys},
  year = "2009"
}

@inproceedings{dnarayan:fast08,
  author = {Dushyanth Narayanan and Austin Donnelly and Antony Rowstron.},
  title = {Write {O}ff-loading: Practical power management for enterprise storage.},
  booktitle = {FAST},
  year = "2008"
}

%% -- %%

%%%%%%%%%%% 
%% FlashDB
%%%%%%%%%%% 

% Spread out across paper

@inproceedings{buffermgmt:dewitt,
  author = {Hong-Tai Chou and David J. DeWitt},
  title = {An evaluation of buffer management strategies for relational database systems},
  booktitle = {VLDB},
  year = "1985"
}

@inproceedings{kung:concurrency:dbms,
  author = {H T Kung and John T Robinson},
  title = {On optimistic methods for concurrency control},
  booktitle = {ACM TODS, Volume-6, Issue 2},
  year = "1981"
}

% compression

@inproceedings{compression1,
  author = {J Goldstein and R Ramakrishnan and U Shaft},
  title = {Compressing Relations and Indexes},
  booktitle = {ICDE},
  year = "1998"
}

@inproceedings{compression2,
  author = {T. Westmann and D. Kossman and S. Helmer and G. Moerkotte},
  title = {The Implementation and Performance of Compressed Databases},
  booktitle = {SIGMOD Rec, 29(3)},
  year = "2000"
}

@inproceedings{compression3,
  author = {Daniel J. Abadi and Samuel Madden and M. Ferreira},
  title = {Integrating Compression and Execution in Column-Oriented Database Systems},
  booktitle = {SIGMOD},
  year = "2006"
}

% cstore related papers

@inproceedings{stavros:cstore,
  author = {Stavros Harizopoulos and Velen Liang and Daniel J. Abadi and Samuel Madden},
  title = {Performance Tradeoffs in Read-Optimized Databases},
  booktitle = {VLDB},
  year = "2006"
}

@inproceedings{dsm:copeland,
  author = {George P. Copeland and Setrag N. Khoshafian},
  title = {A decomposition storage model},
  booktitle = {SIGMOD},
  year = "1985"
}

@inproceedings{stonebraker:cstore,
  author = {Mike Stonebraker and Daniel Abadi and Adam Batkin and Xuedong Chen and Mitch Cherniack and Miguel Ferreira and  Edmond Lau and Amerson Lin and Sam Madden and Elizabeth O'Neil and Pat O'Neil and Alex Rasin and Nga Tran and Stan Zdonik}, 
  title = {C-Store: A Column Oriented Database},
  booktitle = {VLDB},
  year = "2005"
}

@inproceedings{stavros:qpipe,
  author = {Stavros Harizopoulos and Vladislav Shkapenyuk and Anastassia Ailamaki}, 
  title = {QPipe: A Simultaneously pipelined relational query engine},
  booktitle = {SIGMOD},
  year = "2005"
}

@inproceedings{boncz:monetdb,
  author = {Peter Boncz and Marcin Zukowski and Niels Nes}, 
  title = {MonetDB/X100: Hyper-pipelining Query Execution},
  booktitle = {CIDR},
  year = "2005"
}

@inproceedings{holloway:cstore,
  author = {Allison L. Holloway and David J. Dewitt},
  title = {Read-Optimized Databases, in Depth},
  booktitle = {VLDB},
  year = "2008"
}

@inproceedings{abadi:cstore,
  author = {Daniel J. Abadi and Samuel R. Madden and Nabil Hachem},
  title = {Column-Stores vs. Row-Stores: How Different Are They Really?},
  booktitle = {SIGMOD},
  year = "2008"
}

@inproceedings{wisc:cstore,
  author = {A. Halverson and J.L. Beckmann and Jeff Naughton and David J DeWitt},
  title = {A Comparison of C-Store and Row-Store in a Common Framework},
  booktitle = {Technical Report, University of Wisconsin-Madison, TR1566},
  year = "2006"
}

% other cstore

@inproceedings{ailamaki:cache,
  author = {A. Ailamaki and David J DeWitt and Mark D. Hill and M. Skounakis},
  title = {Weaving relations for cache performance},
  booktitle = {VLDB},
  year = "2001"
}

@inproceedings{dmg:patel,
  author = {Richar A. Hankins and Jignesh M. Patel},
  title = {Data Morphing: An Adaptive Cache-Conscious Storage Technique},
  booktitle = {VLDB},
  year = "2003"
}

% Flash-related recent

@inproceedings{mehul:damon,
  author = {Mehul A. Shah and Stavros Harizopoulos and Janet L. Wiener and Goetz Graefe},
  title = {Fast scans and joins using Flash drives},
  booktitle = {Fourth Workshop on Data Management on New Hardware (DaMoN), SIGMOD},
  year = "2008"
}

@inproceedings{myers:mscthesis,
  author = {Daniel Myers},
  title = {On the use of NAND Flash memory in High-Performance Relational Databases},
  booktitle = {MIT MSc. Thesis},
  year = "2008"
}

@inproceedings{ross:damon,
  author = {Kenneth A. Ross},
  title = {Modeling the Performance of Algorithms on Flash Memory Devices},
  booktitle = {Fourth Workshop on Data Management on New Hardware (DaMoN), SIGMOD},
  year = "2008"
}

@inproceedings{graefe:five,
  author = {Goetz Graefe},
  title = {The five-minute rule twenty years later, and how flash memory changes the rules},
  booktitle = {Fourth Workshop on Data Management on New Hardware (DaMoN), SIGMOD},
  year = "2007"
}

@inproceedings{lee:inpagelogging,
  author = {Sang-Won Lee and Bongki Moon},
  title = {Design of Flash-Based DBMS: An In-page logging approach},
  booktitle = {SIGMOD},
  year = "2007"
}

@inproceedings{lee:sigmod08,
  author = {Sang-Won Lee and Bongki Moon and Chanik Park and Jae-Myung Kim and Sang-Woo Kim},
  title = {A Case for Flash Memory SSD in Enterprise Database Applications},
  booktitle = {SIGMOD},
  year = "2008"
}

@inproceedings{ioannis:vldb,
  author = {Ioannis Koltsidas and Stratis D. Viglas},
  title = {Flashing up the Storage Layer},
  booktitle = {VLDB},
  year = "2008"
}

@inproceedings{suman:flashdb,
  author = {Suman Nath and Aman Kansal},
  title = {FlashDB: Dynamic Self-Tuning Database for NAND Flash},
  booktitle = {IPSN},
  year = "2007"
}

@inproceedings{luc:cidr09,
  author = {Luc Bouganim and Bjorn por Jonsson and Philippe Bonnet},
  title = {uFLIP: Understanding Flash IO Patterns},
  booktitle = {CIDR},
  year = "2009"
}

@inproceedings{mehul:sigmod09,
  author = {D. Tsirogiannis and S. Harizopoulos and Mehul A. Shah and J. L. Wiener and G. Graefe},
  title = {Query processing techniques for Solid State Drives},
  booktitle = {SIGMOD},
  year = "2009"
}

@inproceedings{flashlogging:sigmod09,
  author = {Shimin Chen},
  title = {FlashLogging: Exploiting Flash Devices for Synchronous Logging Performance},
  booktitle = {SIGMOD},
  year = "2009"
}

% flash index

@inproceedings{li:icde09,
  author = {Yinan Li and Bingsheng Hey and Qiong Luo and Ke Yi},
  title = {Tree Indexing on Flash Disks},
  booktitle = {ICDE},
  year = "2009"
}

@inproceedings{microhash:fast05,
  author = {Demetrios Zeinalipour-Yazti and Song Lin and Vana Kalogeraki and Dimitrios Gunopulos and Walid A. Najjar},
  title = {MicroHash: An Efficient Index Structure for Flash-based Sensor Devices},
  booktitle = {USENIX FAST},
  year = "2005"
}

@inproceedings{rtree:gis03,
  author = {Chin-Hsien Wu and Tei-Wei Kuo and Li Ping Chang},
  title = {An Efficient R-Tree Implementation over Flash Memory Storage Systems},
  booktitle = {GIS},
  year = "2003"
}

% power


@inproceedings{fawn:hotos,
  author = "Vijay Vasudevan and Jason Franklin and David Andersen and Amar Phanishayee and Lawrence Tan and Michael Kaminsky and Iulian Moraru",
  title = "FAWNdamentally Power-efficient Clusters",
  booktitle = "HotOS",
  year = "2009"
}

@inproceedings{stavros:energy:cidr09,
  author = "Stavros Harizopoulos and Mehul A. Shah and Justin Meza and Parthasarathy Ranganathan",
  title = "Energy Efficiency: The New Holy Grail of Data Management Systems Research",
  booktitle = "CIDR",
  year = "2009"
}

@inproceedings{lang:cidr09,
  author = "Willis Lang and Jignesh M. Patel",
  title = "Towards Eco-Friendly Database Management Systems",
  booktitle = "CIDR",
  year = "2009"
}

@inproceedings{kansal:hotmetrics,
  author = "Aman Kansal and Feng Zhao",
  title = "Fine-grained Energy Profiling for Power-Aware Application Design",
  booktitle = "HotMetrics",
  year = "2008"
}

@inproceedings{power:hotnets08,
  author = "Asfandyar Qureshi",
  title = "Plugging into energy market diversity",
  booktitle = "HotNets-VII",
  year = "2008"
}

@misc{dramexchange:mlc-nand-flash,
  author = "{DRAMeXchange.com}",
  title = "MLC NAND flash price quote",
  month = dec,
  year = "2009",
  note = "\url{http://dramexchange.com/#flash}",
}

@misc{streetprice:disk,
  author = "{StreetPrices.com}",
  title = "Disk Drive price quote",
  month = dec,
  year = "2009",
  note = "\url{http://www.streetprices.com}",
}

@misc{pcper:intel-ssd-degrade,
  author = "Allyn Malventano",
  title = "Long-term performance analysis of Intel Mainstream SSDs",
  month = feb,
  year = "2009",
  note = "\url{http://www.pcper.com/article.php?aid=669}",
}

@InProceedings{lee:pcm:isca:2009,
  title = "Architecting Phase Change Memory as a Scalable {DRAM} Alternative",
  author = "Benjamin C. Lee and Engin Ipek and Onur Mutlu and Doug Burger",
  booktitle = "ISCA",
  year = "2009",
}

@Misc{YAFFS,
  author = "YAFFS",
  title = "{YAFFS}: A Flash File System for Embedded Use",
  note = "\url{http://www.yaffs.net/}",
  year = "2006",
}

@Misc{F2FS,
  author = "Joo-Young Hwang",
  title = "{F2FS}: Flash-friendly File System",
  note = "Presented at the Embedded Linux Conference",
  year = "2013",
}

@misc{url:fs-barriers,
  author = "Jonathan Corbet",
  title = "Barriers and journaling filesystems",
  note = "\url{http://lwn.net/Articles/283161/}",
  year = "2008",
  month = may,
}

@InProceedings{ouyang:atomic-write:hpca:2011,
author= "Xiangyong Ouyang and D. Nellans and R. Wipfel and D. Flynn and D.K.Panda", 
booktitle= "{HPCA}", 
title= "Beyond block I/O: Rethinking traditional storage primitives", 
year= "2011", 
month= "feb.", 
pages= "301 -311", 
}


@InProceedings{nellans:ptrim:nvmw:2011,
  title = "ptrim() + exists(): Exposing New {FTL} Primitives to Applications",
  author = "David Nellans and Michael Zappe and Jens Axboe and David Flynn",
  year= "2011",
  booktitle = "NVMW",
}

@article{flashsim,
author = {Youngjae Kim and Brendan Tauras and Aayush Gupta and Bhuvan Urgaonkar},
title = {Flash{S}im: A Simulator for NAND Flash-Based Solid-State Drives},
journal ={Advances in System Simulation, International Conference on},
volume = {0},
year = {2009},
pages = {125-131},
}


@article{flashcache-cacm,
title = "Integrating {NAND} Flash Devices onto Servers",
author = "David Roberts and Taeho Kgil and Trevor Mudge",
journal = "CACM",
year = "2009",
month = apr,
volume = "52",
number = "4",
pages = "98--106",
}

@InProceedings{guerra:tiering:fast:2011,
  title = "Cost Effective Storage using Extent Based Dynamic Tiering",
  author = "Jorge Guerra and Himabindu Pucha and Joseph Glider and Wendy Belluomini and Raju Rangaswami",
  booktitle = "FAST",
 year = "2011",
}

@Article{lee:fastftl:tecs:2007,
  author = " S.-W. Lee and D.-J. Park and T.-S. Chung and D.-H. Lee and S. Park and H.-J.
Song",
  title = "A log buffer-based flash translation layer using fully-associative sector translation",
  journal = "ACM Trans. Embed. Comput. Syst",
   volume = "6",
   number = "3",
   month = jul,
  year = "2007",
}

@inproceedings{agarwal:david:fast:2011,
 author = "Nitin Agrawal and Leo Arulraj and Andrea C. Arpaci-Dusseau
                  and Remzi H. Arpaci-Dusseau",
 title = "Emulating {G}oliath storage systems with {D}avid",
 booktitle = "FAST",
 year = "2011",
} 


@misc{oracle:sun-f20,
  author = "{Oracle Corp.}",
  title = "Speeding Data Access with the {Sun Flash Accelerator F20
                  PCIe Card}",
  howpublished =
                  "\url{http://www.oracle.com/technetwork/articles/systems-hardware-architecture/flash-accelerator-f20-pcie-card-163877.pdf}"
}

@InProceedings{zhang:nameless,
  title = "De-indirection for Flash-based SSDs with Nameless Writes",
  author = "Yiying Zhang and Leo Prasath Arulraj and Andrea
                  Arpaci-Dusseau and Remzi Arpaci-Dusseau",
  booktitle = "FAST",
  year = "2012",
}

@InProceedings{fast12:cache,
  title = "Caching Less for Better Performance: Balancing Cache Size and Update Cost of Flash Memory Cache in Hybrid Storage Systems",
  author = "Yongseok Oh and Jongmoo Choi and Donghee Lee and Sam H. Noh",
  booktitle = "FAST",
  year = "2012",
}

@misc{oracle:smart-flash,
  author = "{Oracle Corp.}",
  title = "{Oracle Database Smart Flash Cache}",
  howpublished =
                  "\url{http://www.oracle.com/technetwork/articles/systems-hardware-architecture/oracle-db-smart-flash-cache-175588.pdf}"
}

@misc{intel:smart-response,
  author = "{Intel Corp.}",
  title = "{Intel Smart Response Technology}",
  howpublished =
                  "\url{http://download.intel.com/design/flash/nand/325554.pdf}",
  year = "2011",
}

@misc{marvell:dragonfly,
  author = "{Marvell Corp.}",
  title = "DragonFly Platform Family",
  howpublished = "\url{http://www.marvell.com/storage/dragonfly/}",
  year = "2012",
}

@misc{nvmhci,
  author = "{NVM Express}",
  title = "NVM Express Revision 1.0b",
  howpublished =
                  "\url{http://www.nvmexpress.org/index.php/download_file/view/42/1/}",
  year = "2011",
  month = jul,
}

@misc{martin:fio,
  author = "Ben Martin",
  title = "Inspecting disk IO performance with fio",
  howpublished =
                  "\url{http://www.linuxtoday.com/storage/2008041000526OSHL}",
  year = "2008",
  month = apr,
}

@inproceedings{gunawi:io-shepherding,
 author = "Haryadi S. Gunawi and Vijayan Prabhakaran and Swetha
                  Krishnan and Andrea C. Arpaci-Dusseau and Remzi H. Arpaci-Dusseau",
 title = "Improving file system reliability with I/O shepherding",
 booktitle = "{SOSP}",
 year = {2007},
 pages = {293--306},
 month = oct,
} 


@inproceedings{prabhakaran:iron-fs,
 author = "Vijayan Prabhakaran  and Lakshmi N. Bairavasundaram  and
                  Nitin Agrawal and Haryadi S. Gunawi and Andrea
                  C. Arpaci-Dusseau and Remzi H. Arpaci-Dusseau",
 title = "{IRON} file systems",
 booktitle = "{SOSP}",
 year = "2005",
 pages = {206--220},
} 

